@incollection{BaezStay2010,
  author    = {John C. Baez and Mike Stay},
  title     = {Physics, Topology, Logic and Computation: A Rosetta Stone},
  booktitle = {New Structures for Physics},
  editor    = {Bob Coecke},
  pages     = {95--172},
  year      = {2010},
  publisher = {Springer},
  doi       = {10.1007/978-3-642-12821-9_2}
}

@book{Lurie2009,
  author    = {Jacob Lurie},
  title     = {Higher Topos Theory},
  year      = {2009},
  publisher = {Princeton University Press}
}

@book{MacLane1998,
  author    = {Saunders Mac Lane},
  title     = {Categories for the Working Mathematician},
  edition   = {2},
  year      = {1998},
  publisher = {Springer}
}

@book{Riehl2016,
  author    = {Emily Riehl},
  title     = {Category Theory in Context},
  year      = {2016},
  publisher = {Dover Publications}
}

@misc{Shulman2012,
  author    = {Michael Shulman},
  title     = {Homotopy Type Theory: The Logic of Space},
  year      = {2012},
  eprint    = {1904.07004},
  archivePrefix = {arXiv}
}

@article{Landauer1961,
  author    = {Rolf Landauer},
  title     = {Irreversibility and Heat Generation in the Computing Process},
  journal   = {IBM Journal of Research and Development},
  volume    = {5},
  number    = {3},
  pages     = {183--191},
  year      = {1961}
}

@article{Bennett1982,
  author    = {Charles H. Bennett},
  title     = {The Thermodynamics of Computation---A Review},
  journal   = {International Journal of Theoretical Physics},
  volume    = {21},
  number    = {12},
  pages     = {905--940},
  year      = {1982}
}

@article{SagawaUeda2009,
  author    = {Takahiro Sagawa and Masahito Ueda},
  title     = {Minimal Energy Cost for Thermodynamic Information Processing: Measurement and Information Erasure},
  journal   = {Physical Review Letters},
  volume    = {102},
  number    = {25},
  pages     = {250602},
  year      = {2009}
}

@article{Markov2014,
  author    = {Igor L. Markov},
  title     = {Limits on Fundamental Limits to Computation},
  journal   = {Nature},
  volume    = {512},
  pages     = {147--154},
  year      = {2014}
}

@incollection{Carrier1991,
  author    = {W. David Carrier and Gary R. Olhoeft and Wendell Mendell},
  title     = {Physical Properties of the Lunar Surface},
  booktitle = {Lunar Sourcebook},
  editor    = {Grant Heiken and David T. Vaniman and Bevan M. French},
  pages     = {475--594},
  year      = {1991},
  publisher = {Cambridge University Press}
}

@book{Spudis2016,
  author    = {Paul D. Spudis},
  title     = {The Value of the Moon: How to Explore, Live, and Prosper in Space Using the Moon's Resources},
  year      = {2016},
  publisher = {Smithsonian Books}
}

@techreport{NASAArtemis2023,
  author    = {{NASA Artemis Program}},
  title     = {Lunar Surface Sustainability and ISRU Roadmap},
  year      = {2023},
  institution = {NASA}
}

@inproceedings{ODwyerMalone2014,
  author    = {K. J. O'Dwyer and David Malone},
  title     = {Bitcoin Mining and its Energy Footprint},
  booktitle = {ISSC 2014/CIICT 2014},
  year      = {2014}
}

@article{Mora2018,
  author    = {Camilo Mora and others},
  title     = {Bitcoin Emissions Alone Could Push Global Warming Above 2{\textdegree}C},
  journal   = {Nature Climate Change},
  volume    = {8},
  pages     = {931--933},
  year      = {2018}
}

@article{DeVries2021,
  author    = {Alex de Vries},
  title     = {Bitcoin's Growing Energy Problem},
  journal   = {Joule},
  volume    = {2},
  number    = {5},
  pages     = {801--805},
  year      = {2021}
}

@book{CapraLuisi2014,
  author    = {Fritjof Capra and Pier Luigi Luisi},
  title     = {The Systems View of Life: A Unifying Vision},
  year      = {2014},
  publisher = {Cambridge University Press}
}

@book{MargulisSagan1995,
  author    = {Lynn Margulis and Dorion Sagan},
  title     = {What Is Life?},
  year      = {1995},
  publisher = {University of California Press}
}

@book{DalyFarley2011,
  author    = {Herman E. Daly and Joshua Farley},
  title     = {Ecological Economics: Principles and Applications},
  edition   = {2},
  year      = {2011},
  publisher = {Island Press}
}

@book{Wolfram2002,
  author    = {Stephen Wolfram},
  title     = {A New Kind of Science},
  year      = {2002},
  publisher = {Wolfram Media}
}

@inproceedings{AbramskyCoecke2004,
  author    = {Samson Abramsky and Bob Coecke},
  title     = {A Categorical Semantics of Quantum Protocols},
  booktitle = {Proceedings of the 19th Annual IEEE Symposium on Logic in Computer Science},
  pages     = {415--425},
  year      = {2004}
}

@article{Hoare1969,
  author    = {C. A. R. Hoare},
  title     = {An Axiomatic Basis for Computer Programming},
  journal   = {Communications of the ACM},
  volume    = {12},
  number    = {10},
  pages     = {576--580},
  year      = {1969}
}

@misc{ChengBroadbentChappell2025,
  author    = {Newman Cheng and Gordon Broadbent and William Chappell},
  title     = {Cognitive Loop via In-Situ Optimization: Self-Adaptive Reasoning for Science},
  year      = {2025},
  eprint    = {2508.02134},
  archivePrefix = {arXiv}
}
