@article{Rutt2025,
  author = {Rutt, Jim},
  title = {Paradox / No Paradox: Symbolic Systems and the Real World},
  journal = {Substack},
  year = {2025},
  url = {https://substack.com/inbox/post/172493754}
}

@article{Baudot2015,
  author = {Baudot, Pierre},
  title = {The Homological Nature of Entropy},
  journal = {Entropy},
  volume = {17},
  number = {5},
  pages = {3253--3274},
  year = {2015},
  doi = {10.3390/e17053253}
}

@article{Cigoli2013,
  author = {Cigoli, Andrea S. and Metere, Giuseppe and Montoli, Andrea},
  title = {Obstruction theory in action accessible categories},
  journal = {Journal of Algebra},
  volume = {385},
  pages = {27--46},
  year = {2013},
  doi = {10.1016/j.jalgebra.2013.02.021}
}

@misc{Zicari2024,
  author = {Zicari, Giovanni},
  title = {The role of initial coherence in phase-space entropy production},
  year = {2024},
  eprint = {2401.07833},
  archivePrefix = {arXiv}
}

@article{Yuan2024,
  author = {Yuan, Bo and Jiang, Ziming and Lyu, Ao and Wu, Jiayi and Wang, Zirui and Yang, Ming and Liu, Kaiwei and Mou, Mengting and Cui, Peng},
  title = {Emergence and Causality in Complex Systems: A Survey on Causal Emergence and Related Quantitative Studies},
  journal = {Entropy},
  volume = {26},
  number = {2},
  pages = {108},
  year = {2024},
  doi = {10.3390/e26020108}
}