@book{AristotlePhysics,
  author = {Aristotle},
  title = {Physics},
  year = {circa 350 BCE},
  publisher = {Public Domain}
}

@book{Descartes1644,
  author = {Descartes, René},
  title = {Principles of Philosophy},
  year = {1644},
  publisher = {Public Domain}
}
@article{Du2025PERSCEN,
  title         = {PERSCEN: Learning Personalized Interaction Pattern and Scenario Preference for Multi-Scenario Matching},
  author        = {Haotong Du and Yaqing Wang and Fei Xiong and Lei Shao and Ming Liu and Hao Gu and Quanming Yao and Zhen Wang},
  journal       = {arXiv preprint arXiv:2506.18382},
  year          = {2025},
  month         = jun,
  url           = {https://arxiv.org/abs/2506.18382},
  note          = {arXiv.org perpetual non-exclusive license},
}
@book{Newton1687,
  author = {Newton, Isaac},
  title = {Mathematical Principles of Natural Philosophy},
  year = {1687},
  publisher = {Public Domain}
}

@article{Einstein1915,
  author = {Einstein, Albert},
  title = {The Field Equations of Gravitation},
  journal = {Sitzungsberichte der Preussischen Akademie der Wissenschaften},
  year = {1915},
  pages = {844--847}
}

@article{Dirac1930,
  author = {Dirac, Paul A. M.},
  title = {A Theory of Electrons and Protons},
  journal = {Proceedings of the Royal Society A},
  year = {1930},
  volume = {126},
  pages = {360--365}
}

@book{Cauchy1821,
  author = {Cauchy, Augustin-Louis},
  title = {Cours d'Analyse},
  year = {1821},
  publisher = {Public Domain}
}

@article{Riemann1854,
  author = {Riemann, Bernhard},
  title = {On the Hypotheses which Lie at the Bases of Geometry},
  journal = {Habilitation Lecture},
  year = {1854},
  publisher = {University of Göttingen}
}

@article{Hilbert1900,
  author = {Hilbert, David},
  title = {Mathematical Problems},
  journal = {Bulletin of the American Mathematical Society},
  year = {1900},
  volume = {8},
  pages = {437--479}
}

@article{Clausius1865,
  author = {Clausius, Rudolf},
  title = {On Several Convenient Forms of the Fundamental Equations of the Mechanical Theory of Heat},
  journal = {Annalen der Physik},
  year = {1865},
  volume = {125},
  pages = {353--400}
}

@book{Prigogine1977,
  author = {Prigogine, Ilya},
  title = {Self-Organization in Nonequilibrium Systems},
  year = {1977},
  publisher = {Wiley}
}

@article{Jacobson1995,
  author = {Jacobson, Ted},
  title = {Thermodynamics of Spacetime: The Einstein Equation of State},
  journal = {Physical Review Letters},
  year = {1995},
  volume = {75},
  pages = {1260--1263}
}

@article{Verlinde2011,
  author = {Verlinde, Erik},
  title = {On the Origin of Gravity and the Laws of Newton},
  journal = {Journal of High Energy Physics},
  year = {2011},
  volume = {2011},
  pages = {29}
}

@article{Carney2019,
  author = {Carney, Daniel},
  title = {Gravity, Entanglement, and Quantum Information},
  journal = {arXiv preprint},
  year = {2019},
  archivePrefix = {arXiv},
  eprint = {1905.02260}
}

@book{Whittle2008,
  author = {Whittle, Mark},
  title = {Cosmology: The History and Nature of Our Universe},
  year = {2008},
  publisher = {The Teaching Company}
}

@book{Ortega1914,
  author = {Ortega y Gasset, José},
  title = {Meditations on Quixote},
  year = {1914},
  publisher = {Public Domain}
}

@book{Glasser1985,
  author = {Glasser, William},
  title = {Control Theory: A New Explanation of How We Control Our Lives},
  year = {1985},
  publisher = {Harper \& Row}
}

@article{Amari1977,
  author = {Amari, Shun-ichi},
  title = {Dynamics of Pattern Formation in Lateral-Inhibition Type Neural Fields},
  journal = {Biological Cybernetics},
  year = {1977},
  volume = {27},
  pages = {77--87}
}

@article{Fries2005,
  author = {Fries, Pascal},
  title = {A Mechanism for Cognitive Dynamics: Neuronal Communication through Neuronal Coherence},
  journal = {Trends in Cognitive Sciences},
  year = {2005},
  volume = {9},
  pages = {474--480}
}

@article{Friston2010,
  author = {Friston, Karl},
  title = {The Free-Energy Principle: A Unified Brain Theory?},
  journal = {Nature Reviews Neuroscience},
  year = {2010},
  volume = {11},
  pages = {127--138}
}

@article{Tononi2016,
  author = {Tononi, Giulio and others},
  title = {Integrated Information Theory: From Consciousness to Its Physical Substrate},
  journal = {Nature Reviews Neuroscience},
  year = {2016},
  volume = {17},
  pages = {450--461}
}

@misc{Blumberg2025,
  author       = {Micah Blumberg},
  title        = {Super Information Theory},
  year         = {2025},
  howpublished = {GitHub repository: v5ma/selfawarenetworks},
  url          = {https://github.com/v5ma/selfawarenetworks},
  note         = {Working draft, retrieved August 2025},
}
@misc{Logan2025,
  author       = {Roy Logan},
  title        = {Unified Field Theory of Coherence: Super-Field Formulation with Toroidal Time Geometry},
  year         = {2025},
  howpublished = {Open Science Framework (OSF)},
  doi          = {10.17605/OSF.IO/5YDFM},
  url          = {https://osf.io/5ydfm/}
}

@article{RSVPMeta2025,
  author = {Flyxion},
  title = {RSVP Theory as a Meta-Framework},
  journal = {Unpublished Manuscript},
  year = {2025}
}

@article{SemanticField2025,
  author = {Flyxion},
  title = {Semantic Field Control},
  journal = {Unpublished Manuscript},
  year = {2025}
}

@article{SocioeconomicFunctors2025,
  author = {Flyxion},
  title = {Socioeconomic Functors},
  journal = {Unpublished Manuscript},
  year = {2025}
}

@article{FallOfSpace2025,
  author = {Flyxion},
  title = {The Fall of Space: Entropic Relaxation and Structure Without Expansion},
  journal = {Unpublished Manuscript},
  year = {2025}
}

@article{SimulatedAgency2025,
  author = {Flyxion},
  title = {Simulated Agency: Consciousness in the RSVP Framework},
  journal = {Unpublished Manuscript},
  year = {2025}
}

@article{HYDRA2025,
  author = {Flyxion},
  title = {HYDRA: Hybrid Dynamic Reasoning Architecture},
  journal = {Unpublished Manuscript},
  year = {2025}
}

@article{RAT2025,
  author = {Flyxion},
  title = {Relevance Activation Theory in RSVP},
  journal = {Unpublished Manuscript},
  year = {2025}
}

@article{Chen2025,
  author = {Chen, R. and others},
  title = {Persona Vectors for AI Alignment},
  journal = {Unpublished Manuscript},
  year = {2025}
}

@article{Flyxion2025,
  author = {Flyxion},
  title = {Relativistic Scalar Vector Plenum: A New Cosmological Framework},
  journal = {Unpublished Manuscript},
  year = {2025}
}

@book{Evans2010,
  author = {Evans, Lawrence C.},
  title = {Partial Differential Equations},
  year = {2010},
  publisher = {American Mathematical Society}
}

@book{Spivak1999,
  author = {Spivak, Michael},
  title = {A Comprehensive Introduction to Differential Geometry},
  year = {1999},
  publisher = {Publish or Perish}
}

@article{Hubble1929,
  author = {Hubble, Edwin},
  title = {A Relation between Distance and Radial Velocity among Extra-Galactic Nebulae},
  journal = {Proceedings of the National Academy of Sciences},
  year = {1929},
  volume = {15},
  pages = {168--173}
}

@article{Planck2020,
  author = {{Planck Collaboration}},
  title = {Planck 2018 Results. VI. Cosmological Parameters},
  journal = {Astronomy \& Astrophysics},
  year = {2020},
  volume = {641},
  pages = {A6}
}

@article{Kolmogorov1965,
  author = {Kolmogorov, Andrey},
  title = {Three Approaches to the Quantitative Definition of Information},
  journal = {Problems of Information Transmission},
  year = {1965},
  volume = {1},
  pages = {1--7}
}

@book{Wald1984,
  author = {Wald, Robert M.},
  title = {General Relativity},
  year = {1984},
  publisher = {University of Chicago Press}
}

@book{vonNeumann1945,
  author = {von Neumann, John},
  title = {First Draft of a Report on the EDVAC},
  year = {1945},
  publisher = {University of Pennsylvania}
}

@article{AKSZ1997,
  author = {Alexandrov, M. and others},
  title = {The Geometry of the Master Equation and Topological Quantum Field Theory},
  journal = {International Journal of Modern Physics A},
  year = {1997},
  volume = {12},
  pages = {1405--1429}
}

@article{PTVV2013,
  author = {Pantev, Tony and others},
  title = {Shifted Symplectic Structures},
  journal = {Publications Mathématiques de l'IHÉS},
  year = {2013},
  volume = {117},
  pages = {271--328}
}

@book{Villani2008,
  author = {Villani, Cédric},
  title = {Optimal Transport: Old and New},
  year = {2008},
  publisher = {Springer}
}

@book{Lurie2009,
  author = {Lurie, Jacob},
  title = {Higher Topos Theory},
  year = {2009},
  publisher = {Princeton University Press}
}

@article{Shapiro2011,
  author = {Shapiro, Marc and others},
  title = {Conflict-Free Replicated Data Types},
  journal = {Lecture Notes in Computer Science},
  year = {2011},
  volume = {7042},
  pages = {386--400}
}

@book{Goldstein2002,
  author = {Goldstein, Herbert and others},
  title = {Classical Mechanics},
  year = {2002},
  publisher = {Addison-Wesley}
}

@book{Bredon1997,
  author = {Bredon, Glen E.},
  title = {Sheaf Theory},
  year = {1997},
  publisher = {Springer}
}

@book{Fant1998,
  author = {Fant, Karl M.},
  title = {Null Convention Logic: A Complete and Consistent Logic for Asynchronous Digital Circuit Synthesis},
  year = {1998},
  publisher = {IEEE Press}
}