@incollection{BaezStay2010,
  author    = {John C. Baez and Mike Stay},
  title     = {Physics, Topology, Logic and Computation: A Rosetta Stone},
  booktitle = {New Structures for Physics},
  editor    = {Bob Coecke},
  pages     = {95--172},
  year      = {2010},
  publisher = {Springer},
  doi       = {10.1007/978-3-642-12821-9_2}
}

@book{Lurie2009,
  author    = {Jacob Lurie},
  title     = {Higher Topos Theory},
  year      = {2009},
  publisher = {Princeton University Press}
}

@book{MacLane1998,
  author    = {Saunders Mac Lane},
  title     = {Categories for the Working Mathematician},
  edition   = {2},
  year      = {1998},
  publisher = {Springer}
}

@misc{Shulman2012,
  author    = {Michael Shulman},
  title     = {Homotopy Type Theory: The Logic of Space},
  year      = {2012},
  eprint    = {1904.07004},
  archivePrefix = {arXiv}
}

@article{Landauer1961,
  author    = {Rolf Landauer},
  title     = {Irreversibility and Heat Generation in the Computing Process},
  journal   = {IBM Journal of Research and Development},
  volume    = {5},
  number    = {3},
  pages     = {183--191},
  year      = {1961}
}

@article{Bennett1982,
  author    = {Charles H. Bennett},
  title     = {The Thermodynamics of Computation---A Review},
  journal   = {International Journal of Theoretical Physics},
  volume    = {21},
  number    = {12},
  pages     = {905--940},
  year      = {1982}
}

@incollection{Carrier1991,
  author    = {W. David Carrier and Gary R. Olhoeft and Wendell Mendell},
  title     = {Physical Properties of the Lunar Surface},
  booktitle = {Lunar Sourcebook},
  editor    = {Grant Heiken and David T. Vaniman and Bevan M. French},
  pages     = {475--594},
  year      = {1991},
  publisher = {Cambridge University Press}
}

@book{Spudis2016,
  author    = {Paul D. Spudis},
  title     = {The Value of the Moon: How to Explore, Live, and Prosper in Space Using the Moon's Resources},
  year      = {2016},
  publisher = {Smithsonian Books}
}

@techreport{NASAArtemis2023,
  author    = {{NASA Artemis Program}},
  title     = {Lunar Surface Sustainability and ISRU Roadmap},
  year      = {2023},
  institution = {NASA}
}

@inproceedings{ODwyerMalone2014,
  author    = {K. J. O'Dwyer and David Malone},
  title     = {Bitcoin Mining and its Energy Footprint},
  booktitle = {ISSC 2014/CIICT 2014},
  year      = {2014}
}

@book{CapraLuisi2014,
  author    = {Fritjof Capra and Pier Luigi Luisi},
  title     = {The Systems View of Life: A Unifying Vision},
  year      = {2014},
  publisher = {Cambridge University Press}
}

@book{DalyFarley2011,
  author    = {Herman E. Daly and Joshua Farley},
  title     = {Ecological Economics: Principles and Applications},
  edition   = {2},
  year      = {2011},
  publisher = {Island Press}
}

@book{Wolfram2002,
  author    = {Stephen Wolfram},
  title     = {A New Kind of Science},
  year      = {2002},
  publisher = {Wolfram Media}
}

@book{Odum1994,
  author    = {Howard T. Odum},
  title     = {Ecological and General Systems: An Introduction to Systems Ecology},
  year      = {1994},
  publisher = {University Press of Colorado}
}

@inproceedings{AbramskyCoecke2004,
  author    = {Samson Abramsky and Bob Coecke},
  title     = {A Categorical Semantics of Quantum Protocols},
  booktitle = {Proceedings of the 19th Annual IEEE Symposium on Logic in Computer Science},
  pages     = {415--425},
  year      = {2004}
}

@misc{ChengBroadbentChappell2025,
  author    = {Newman Cheng and Gordon Broadbent and William Chappell},
  title     = {Cognitive Loop via In-Situ Optimization: Self-Adaptive Reasoning for Science},
  year      = {2025},
  eprint    = {2508.02134},
  archivePrefix = {arXiv}
}

@article{Strubell2019,
  author    = {Emma Strubell and Ananya Ganesh and Andrew McCallum},
  title     = {Energy and Policy Considerations for Deep Learning in NLP},
  journal   = {arXiv preprint},
  eprint    = {1906.02243},
  archivePrefix = {arXiv},
  year      = {2019}
}

@techreport{Koomey2011,
  author    = {Jonathan Koomey},
  title     = {Growth in Data Center Electricity Use 2005 to 2010},
  institution = {Analytics Press},
  year      = {2011}
}

@article{Sorrell2009,
  author    = {Steve Sorrell},
  title     = {Jevons’ Paradox Revisited: The Evidence for Backfire from Improved Energy Efficiency},
  journal   = {Energy Policy},
  volume    = {37},
  number    = {4},
  pages     = {1456--1469},
  year      = {2009}
}

@article{Finnveden2009,
  author    = {Göran Finnveden and others},
  title     = {Recent Developments in Life Cycle Assessment},
  journal   = {Journal of Environmental Management},
  volume    = {91},
  number    = {1},
  pages     = {1--21},
  year      = {2009}
}

@article{RamboAzevedo2014,
  author    = {Chris Rambo and Inês Azevedo},
  title     = {Using Data Centers for District Heating: A Review},
  journal   = {Energy and Buildings},
  volume    = {81},
  pages     = {123--134},
  year      = {2014}
}

@techreport{Shehabi2016,
  author    = {Arman Shehabi and others},
  title     = {United States Data Center Energy Usage Report},
  institution = {Lawrence Berkeley National Laboratory},
  year      = {2016}
}

@article{Satyanarayanan2017,
  author    = {Mahadev Satyanarayanan},
  title     = {The Emergence of Edge Computing},
  journal   = {Computer},
  volume    = {50},
  number    = {1},
  pages     = {30--39},
  year      = {2017}
}

@misc{StockholmDataParks2020,
  author    = {{Stockholm Data Parks}},
  title     = {Sustainable Data Centers: Using Waste Heat for District Heating},
  year      = {2020},
  howpublished = {Available at: \url{https://www.stockholmdataparks.com/}}
}

@article{Yuan2024,
  author    = {Zhehu Yuan and Jinyang Liu and Guanqun Song and Ting Zhu},
  title     = {Heat: Satellite's Meat is GPU's Poison},
  journal   = {arXiv preprint},
  year      = {2024},
  eprint    = {2501.14757},
  archivePrefix = {arXiv},
  primaryClass = {cs.DC}
}

@article{Shams2025,
  author  = {Omar Shams},
  title   = {The Moon Should Be a Computer},
  journal = {Palladium Magazine},
  year    = {2025},
  month   = {April},
  note    = {Palladium 17: Universal Man},
  url     = {https://www.palladiummag.com/2025/04/18/the-moon-should-be-a-computer/}
}

@techreport{IEA2023,
  author    = {{International Energy Agency}},
  title     = {Energy Efficiency 2023},
  year      = {2023},
  institution = {IEA}
}

@article{Hilty2014,
  author    = {Lorenz M. Hilty and Bernard Aebischer},
  title     = {ICT for Sustainability: An Emerging Research Field},
  journal   = {Advances in Intelligent Systems and Computing},
  volume    = {310},
  pages     = {3--36},
  year      = {2014}
}

@misc{EU2023,
  author    = {{European Union}},
  title     = {Energy Efficiency Directive (EU) 2023/1791},
  year      = {2023},
  howpublished = {Available at: \url{https://eur-lex.europa.eu/eli/dir/2023/1791}}
}

@book{Kauffman1993,
  author    = {Stuart A. Kauffman},
  title     = {The Origins of Order: Self-Organization and Selection in Evolution},
  year      = {1993},
  publisher = {Oxford University Press}
}

@misc{LEED2023,
  author    = {{U.S. Green Building Council}},
  title     = {LEED v4.1 for Building Design and Construction},
  year      = {2023},
  howpublished = {Available at: \url{https://www.usgbc.org/leed}}
}

@book{Goodfellow2016,
  author    = {Ian Goodfellow and Yoshua Bengio and Aaron Courville},
  title     = {Deep Learning},
  year      = {2016},
  publisher = {MIT Press}
}

@book{Jevons1865,
  author    = {William Stanley Jevons},
  title     = {The Coal Question: An Inquiry Concerning the Progress of the Nation, and the Probable Exhaustion of Our Coal-Mines},
  year      = {1865},
  publisher = {Macmillan and Co.}
}

@article{Brookes1990,
  author    = {Leonard Brookes},
  title     = {The Greenhouse Effect: The Fallacies in the Energy Efficiency Solution},
  journal   = {Energy Policy},
  volume    = {18},
  number    = {2},
  pages     = {199--201},
  year      = {1990}
}
@article{Masanet2020,
  author    = {Eric Masanet and Arman Shehabi and Nuoa Lei and Sarah Smith and Jonathan Koomey},
  title     = {Recalibrating global data center energy-use estimates},
  journal   = {Science},
  volume    = {367},
  number    = {6481},
  pages     = {984--990},
  year      = {2020},
  doi       = {10.1126/science.aba3758}
}

@article{Jones2021,
  author    = {Nicholas Jones and Jonathan Cullen and Jonathan M. Cullen},
  title     = {Rebound effects in energy efficiency investments: A review of micro and macro evidence},
  journal   = {Energy Policy},
  volume    = {152},
  pages     = {112182},
  year      = {2021},
  doi       = {10.1016/j.enpol.2021.112182}
}

@article{Horner2014,
  author    = {John Horner and Paul Harper and Tom Jackson},
  title     = {The role of ICT in energy use: A review of the literature},
  journal   = {Energy Policy},
  volume    = {70},
  pages     = {1--10},
  year      = {2014},
  doi       = {10.1016/j.enpol.2014.03.025}
}