@book{giblin2022chokepoint,
  author = {Giblin, Rebecca and Doctorow, Cory},
  title = {Chokepoint Capitalism: How {Big} {Tech} and {Big} {Content} Captured {Creative} {Labor} {Markets} and How We'll {Win} Them {Back}},
  year = {2022},
  publisher = {Beacon Press},
  address = {Boston, MA}
}

@article{doctorow2020lockin,
  author = {Doctorow, Cory},
  title = {The {Lock-In} {Economy}: How {Tech} {Platforms} {Create} {Chokepoints}},
  journal = {EFF Deeplinks Blog},
  year = {2020},
  url = {https://www.eff.org/deeplinks/2020/lockin-economy}
}

@misc{cbc2025trumpvisa,
  author = {{CBC News}},
  title = {White {House} Scrambles to Clarify {Trump} Plan to Add \$100K Fee to Visas for Highly Skilled Workers},
  year = {2025},
  month = {September},
  day = {20},
  url = {https://www.cbc.ca/news/world/trump-travel-ban-1.7639454},
  note = {Accessed: September 22, 2025}
}