@book{chapin1963automatic,
  author    = {Ned Chapin},
  title     = {An Introduction to Automatic Computers},
  edition   = {2},
  publisher = {D. Van Nostrand Company, Inc.},
  address   = {Princeton, NJ},
  year      = {1963}
}

@book{berkeley1949giant,
  author    = {Edmund C. Berkeley},
  title     = {Giant Brains, or Machines That Think},
  publisher = {John Wiley \& Sons},
  address   = {New York},
  year      = {1949}
}

@article{turing1950computing,
  author  = {Alan M. Turing},
  title   = {Computing Machinery and Intelligence},
  journal = {Mind},
  volume  = {59},
  number  = {236},
  pages   = {433--460},
  year    = {1950}
}

@incollection{turing1956can,
  author    = {Alan M. Turing},
  title     = {Can a Machine Think?},
  booktitle = {The World of Mathematics, Vol. 4},
  editor    = {James R. Newman},
  publisher = {Simon and Schuster},
  address   = {New York},
  year      = {1956},
  pages     = {2099--2133}
}

@book{williams1959digital,
  author    = {Samuel B. Williams},
  title     = {Digital Computing Systems},
  publisher = {McGraw-Hill},
  address   = {New York},
  year      = {1959}
}

@book{gregory1960automatic,
  author    = {Robert H. Gregory and Richard L. Van Horn},
  title     = {Automatic Data Processing Systems},
  publisher = {Wadsworth Publishing Co.},
  address   = {San Francisco},
  year      = {1960}
}

@book{nett1959introduction,
  author    = {Roger Nett and Stanley A. Hetzler},
  title     = {An Introduction to Electronic Data Processing},
  publisher = {The Free Press},
  address   = {Glencoe, IL},
  year      = {1959}
}

@misc{deskset1957,
  title        = {Desk Set},
  director     = {Walter Lang},
  year         = {1957},
  howpublished = {Film},
  publisher    = {20th Century Fox}
}

@misc{humanoids1962,
  title        = {The Creation of the Humanoids},
  director     = {Wesley Barry},
  year         = {1962},
  howpublished = {Film},
  publisher    = {Zenith International}
}

@article{neumann2025ai,
  author  = {Jerry Neumann},
  title   = {AI Will Not Make You Rich: The Disruption is Real. It's Also Predictable},
  journal = {Issue},
  number  = {04},
  year    = {2025},
  month   = {September}
}

@book{perez2002technological,
  author    = {Carlota Perez},
  title     = {Technological Revolutions and Financial Capital: The Dynamics of Bubbles and Golden Ages},
  publisher = {Edward Elgar},
  address   = {Cheltenham},
  year      = {2002}
}

@book{schumpeter1942capitalism,
  author    = {Joseph A. Schumpeter},
  title     = {Capitalism, Socialism, and Democracy},
  publisher = {Harper \& Brothers},
  address   = {New York},
  year      = {1942}
}

@book{giblin2022chokepoint,
  author    = {Rebecca Giblin and Cory Doctorow},
  title     = {Chokepoint Capitalism: How Big Tech and Big Content Captured Creative Labor Markets and How We'll Win Them Back},
  publisher = {Beacon Press},
  address   = {Boston},
  year      = {2022}
}

@misc{semantic2025,
  author  = {Flyxion},
  title   = {Semantic Infrastructure: Entropy-Respecting Computation in a Modular Universe},
  year    = {2025},
  month   = {August}
}

@article{Weller2025LimitEmbeddings,
  title        = {On the Theoretical Limitations of Embedding-Based Retrieval},
  author       = {Orion Weller and Michael Boratko and Iftekhar Naim and Jinhyuk Lee},
  journal      = {arXiv preprint arXiv:2508.21038},
  year         = {2025},
  url          = {https://arxiv.org/abs/2508.21038},
  eprint       = {2508.21038},
  archivePrefix= {arXiv},
  primaryClass = {cs.IR}
}

@book{asimov1950irobot,
  author    = {Isaac Asimov},
  title     = {I, Robot},
  publisher = {Gnome Press},
  address   = {New York},
  year      = {1950}
}

@book{zuboff2019surveillance,
  author    = {Shoshana Zuboff},
  title     = {The Age of Surveillance Capitalism: The Fight for a Human Future at the New Frontier of Power},
  publisher = {PublicAffairs},
  address   = {New York},
  year      = {2019}
}

@article{ribeiro2020auditing,
  author  = {Manoel Horta Ribeiro and Raphael Ottoni and Robert West and Virgílio A. F. Almeida and Wagner Meira Jr.},
  title   = {Auditing Radicalization Pathways on YouTube},
  journal = {Proceedings of the 2020 Conference on Fairness, Accountability, and Transparency},
  pages   = {131--141},
  year    = {2020}
}

@book{dunbar1996gossip,
  author    = {Robin Dunbar},
  title     = {Gossip, Grooming, and the Evolution of Language},
  publisher = {Harvard University Press},
  address   = {Cambridge, MA},
  year      = {1996}
}

@book{huizinga1919waning,
  author    = {Johan Huizinga},
  title     = {The Waning of the Middle Ages},
  publisher = {Edward Arnold},
  address   = {London},
  year      = {1919}
}

@book{gillespie2018custodians,
  author    = {Tarleton Gillespie},
  title     = {Custodians of the Internet: Platforms, Content Moderation, and the Hidden Decisions That Shape Social Media},
  publisher = {Yale University Press},
  address   = {New Haven},
  year      = {2018}
}

@article{doctorow2023enshittification,
  author  = {Cory Doctorow},
  title   = {The `Enshittification' of TikTok},
  journal = {Wired},
  year    = {2023},
  month   = {January},
  url     = {https://www.wired.com/story/tiktok-platforms-cory-doctorow}
}

@article{touvron2023llama,
  author  = {Hugo Touvron and Thibaut Lavril and Gautier Izacard and Xavier Martinet and Marie-Anne Lachaux and Timothée Lacroix and Baptiste Rozière and Naman Goyal and Eric Hambro and Faisal Azhar and others},
  title   = {LLaMA: Open and Efficient Foundation Language Models},
  journal = {arXiv preprint arXiv:2302.13971},
  year    = {2023},
  url     = {https://arxiv.org/abs/2302.13971}
}

@book{shakespeare1623folio,
  author    = {William Shakespeare},
  title     = {Mr. William Shakespeares Comedies, Histories, \& Tragedies},
  publisher = {Isaac Jaggard and Edward Blount},
  address   = {London},
  year      = {1623}
}

@book{lurie2009higher,
  author    = {Jacob Lurie},
  title     = {Higher Topos Theory},
  publisher = {Princeton University Press},
  address   = {Princeton, NJ},
  year      = {2009}
}

@book{edwards1996closed,
  author    = {Paul N. Edwards},
  title     = {The Closed World: Computers and the Politics of Discourse in Cold War America},
  publisher = {MIT Press},
  address   = {Cambridge, MA},
  year      = {1996}
}