@book{pliny1855,
  title = {The Natural History},
  author = {Pliny the Elder},
  editor = {Bostock, John and Riley, H.T.},
  year = {1855},
  publisher = {Taylor and Francis},
  address = {London}
}

@article{ohno1972,
  title = {So Much "Junk" DNA in Our Genome},
  author = {Ohno, Susumu},
  journal = {Brookhaven Symposia in Biology},
  volume = {23},
  pages = {366--370},
  year = {1972}
}

@article{pennisi2012,
  title = {ENCODE Project Writes Eulogy for Junk DNA},
  author = {Pennisi, Elizabeth},
  journal = {Science},
  volume = {337},
  number = {6099},
  pages = {1159--1161},
  year = {2012},
  doi = {10.1126/science.337.6099.1159}
}

@article{encode2012,
  title = {An Integrated Encyclopedia of DNA Elements in the Human Genome},
  author = {{ENCODE Project Consortium}},
  journal = {Nature},
  volume = {489},
  number = {7414},
  pages = {57--74},
  year = {2012},
  doi = {10.1038/nature11247}
}

@book{kuhn1962,
  title = {The Structure of Scientific Revolutions},
  author = {Kuhn, Thomas S.},
  year = {1962},
  publisher = {University of Chicago Press},
  address = {Chicago}
}

@book{feyerabend1975,
  title = {Against Method},
  author = {Feyerabend, Paul},
  year = {1975},
  publisher = {Verso},
  address = {London}
}

@book{latour1987,
  title = {Science in Action: How to Follow Scientists and Engineers Through Society},
  author = {Latour, Bruno},
  year = {1987},
  publisher = {Harvard University Press},
  address = {Cambridge, MA}
}

@book{jasanoff2004,
  title = {States of Knowledge: The Co-Production of Science and the Social Order},
  editor = {Jasanoff, Sheila},
  year = {2004},
  publisher = {Routledge},
  address = {London}
}

@book{douglas1966,
  title = {Purity and Danger: An Analysis of Concepts of Pollution and Taboo},
  author = {Douglas, Mary},
  year = {1966},
  publisher = {Routledge},
  address = {London}
}

@book{glissant1997,
  title = {Poetics of Relation},
  author = {Glissant, {\'E}douard},
  year = {1997},
  publisher = {University of Michigan Press},
  address = {Ann Arbor, MI},
  note = {Translated by Betsy Wing}
}

@book{keller2000,
  title = {The Century of the Gene},
  author = {Keller, Evelyn Fox},
  year = {2000},
  publisher = {Harvard University Press},
  address = {Cambridge, MA}
}

@book{rheinberger1997,
  title = {Toward a History of Epistemic Things: Synthesizing Proteins in the Test Tube},
  author = {Rheinberger, Hans-J{\"o}rg},
  year = {1997},
  publisher = {Stanford University Press},
  address = {Stanford, CA}
}

@book{manning1999,
  title = {Foundations of Statistical Natural Language Processing},
  author = {Manning, Christopher D. and Sch{\"u}tze, Hinrich},
  year = {1999},
  publisher = {MIT Press},
  address = {Cambridge, MA}
}

@book{chomsky1957,
  title = {Syntactic Structures},
  author = {Chomsky, Noam},
  year = {1957},
  publisher = {Mouton},
  address = {The Hague}
}

@inproceedings{vaswani2017,
  title = {Attention Is All You Need},
  author = {Vaswani, Ashish and Shazeer, Noam and Parmar, Niki and Uszoreit, Jakob and Jones, Llion and Gomez, Aidan N. and Kaiser, {\L}ukasz and Polosukhin, Illia},
  booktitle = {Advances in Neural Information Processing Systems},
  volume = {30},
  year = {2017}
}

@article{bender2021,
  title = {On the Dangers of Stochastic Parrots: Can Language Models Be Too Big?},
  author = {Bender, Emily M. and Gebru, Timnit and McMillan-Major, Angelina and Shmitchell, Shmargaret},
  booktitle = {Proceedings of the 2021 ACM Conference on Fairness, Accountability, and Transparency},
  pages = {610--623},
  year = {2021},
  doi = {10.1145/3442188.3445922}
}

@article{burrell2016,
  title = {How the Machine `Thinks': Understanding Opacity in Machine Learning Algorithms},
  author = {Burrell, Jenna},
  journal = {Big Data \& Society},
  volume = {3},
  number = {1},
  pages = {1--12},
  year = {2016},
  doi = {10.1177/2053951715622512}
}

@article{star1999,
  title = {The Ethnography of Infrastructure},
  author = {Star, Susan Leigh},
  journal = {American Behavioral Scientist},
  volume = {43},
  number = {3},
  year = {1999},
  pages = {377--391}
}

@book{hofstadter1995,
  title = {Fluid Concepts and Creative Analogies: Computer Models of the Fundamental Mechanisms of Thought},
  author = {Hofstadter, Douglas R.},
  year = {1995},
  publisher = {Basic Books},
  address = {New York, NY}
}

@article{haraway1988,
  title = {Situated Knowledges: The Science Question in Feminism and the Privilege of Partial Perspective},
  author = {Haraway, Donna},
  journal = {Feminist Studies},
  volume = {14},
  number = {3},
  year = {1988},
  pages = {575--599}
}

@book{poovey1998,
  title = {A History of the Modern Fact: Problems of Knowledge in the Sciences of Wealth and Society},
  author = {Poovey, Mary},
  year = {1998},
  publisher = {University of Chicago Press},
  address = {Chicago}
}

@book{hacking1983,
  title = {Representing and Intervening: Introductory Topics in the Philosophy of Natural Science},
  author = {Hacking, Ian},
  year = {1983},
  publisher = {Cambridge University Press},
  address = {Cambridge}
}

@book{barad2007,
  title = {Meeting the Universe Halfway: Quantum Physics and the Entanglement of Matter and Meaning},
  author = {Barad, Karen},
  year = {2007},
  publisher = {Duke University Press},
  address = {Durham, NC}
}

@book{daston1998,
  title = {Wonders and the Order of Nature, 1150--1750},
  author = {Daston, Lorraine and Park, Katharine},
  year = {1998},
  publisher = {Zone Books},
  address = {New York}
}

@book{scott1998,
  title = {Seeing Like a State: How Certain Schemes to Improve the Human Condition Have Failed},
  author = {Scott, James C.},
  year = {1998},
  publisher = {Yale University Press},
  address = {New Haven}
}

@inproceedings{chen2021,
  title = {Evaluating Large Language Models Trained on Code},
  author = {Chen, Mark and Tworek, Jerry and Jun, Heewoo and Yuan, Qiming and de Oliveira Pinto, Henrique Ponde and Kaplan, Jared and Edwards, Harrison and Burda, Yuri and Joseph, Nicholas and Brockman, Greg and Ray, Alex},
  booktitle = {arXiv preprint arXiv:2107.03374},
  year = {2021}
}

@article{bommasani2021,
  title = {On the Opportunities and Risks of Foundation Models},
  author = {Bommasani, Rishi and Hudson, Drew A. and Adeli, Ehsan and Altman, Russ and Arora, Simran and von Arx, Sydney and Bernstein, Michael S. and Bohg, Jeannette and Bosselut, Antoine and Brunskill, Emma and others},
  journal = {arXiv preprint arXiv:2108.07258},
  year = {2021}
}

@article{shanahan2023,
  title = {Talking About Large Language Models},
  author = {Shanahan, Murray},
  journal = {arXiv preprint arXiv:2312.10628},
  year = {2023}
}

@article{marcus2022,
  title = {A Very Preliminary Analysis of DALL-E 2},
  author = {Marcus, Gary and Davis, Ernest},
  journal = {arXiv preprint arXiv:2204.13807},
  year = {2022}
}

@book{manovich2020,
  title = {Cultural Analytics},
  author = {Manovich, Lev},
  year = {2020},
  publisher = {MIT Press},
  address = {Cambridge, MA}
}

@book{bowker2005,
  title = {Sorting Things Out: Classification and Its Consequences},
  author = {Bowker, Geoffrey C. and Star, Susan Leigh},
  year = {1999},
  publisher = {MIT Press},
  address = {Cambridge, MA}
}

@book{shapin1985,
  title = {Leviathan and the Air-Pump: Hobbes, Boyle, and the Experimental Life},
  author = {Shapin, Steven and Schaffer, Simon},
  year = {1985},
  publisher = {Princeton University Press},
  address = {Princeton, NJ}
}

@book{anzadua1987,
  title = {Borderlands/La Frontera: The New Mestiza},
  author = {Anzald{\'u}a, Gloria},
  year = {1987},
  publisher = {Aunt Lute Books},
  address = {San Francisco}
}

@article{star1990,
  title = {Power, Technology and the Phenomenology of Conventions: On Being Allergic to Onions},
  author = {Star, Susan Leigh},
  journal = {The Sociological Review},
  volume = {38},
  number = {1},
  pages = {26--56},
  year = {1990}
}

@book{whittaker1951,
  title = {A History of the Theories of Aether and Electricity},
  author = {Whittaker, Edmund},
  year = {1951},
  publisher = {Thomas Nelson and Sons},
  address = {London}
}

@book{bachelard1984,
  title = {The New Scientific Spirit},
  author = {Bachelard, Gaston},
  year = {1984},
  publisher = {Beacon Press},
  address = {Boston},
  note = {Translated by Arthur Goldhammer}
}

@book{collins1992,
  title = {Changing Order: Replication and Induction in Scientific Practice},
  author = {Collins, Harry M.},
  year = {1992},
  publisher = {University of Chicago Press},
  address = {Chicago}
}

@article{star1989,
  title = {Institutional Ecology, `Translations' and Boundary Objects: Amateurs and Professionals in Berkeley's Museum of Vertebrate Zoology, 1907-39},
  author = {Star, Susan Leigh and Griesemer, James R.},
  journal = {Social Studies of Science},
  volume = {19},
  number = {3},
  pages = {387--420},
  year = {1989}
}
