@article{godel1931,
  author = {G\"{o}del, Kurt},
  title = {\"{U}ber formal unentscheidbare S\"{a}tze der Principia Mathematica und verwandter Systeme I},
  journal = {Monatshefte f\"{u}r Mathematik und Physik},
  volume = {38},
  pages = {173--198},
  year = {1931}
}

@book{tarski1956,
  author = {Tarski, Alfred},
  title = {Logic, Semantics, Metamathematics},
  publisher = {Oxford University Press},
  year = {1956}
}

@book{nagel1958,
  author = {Nagel, Ernest and Newman, James},
  title = {G\"{o}del's Proof},
  publisher = {New York University Press},
  year = {1958}
}

@book{fant2005,
  author = {Fant, Karl},
  title = {Computer Science Reconsidered: The Invocation Model of Process Expression},
  publisher = {MindShare Media},
  year = {2005}
}

@article{seitz1980,
  author = {Seitz, Charles L.},
  title = {System Timing},
  booktitle = {Introduction to VLSI Systems},
  editor = {Mead, C. and Conway, L.},
  publisher = {Addison-Wesley},
  year = {1980}
}

@article{turner1979,
  author = {Turner, D. A.},
  title = {A New Implementation Technique for Applicative Languages},
  journal = {Software: Practice and Experience},
  volume = {9},
  number = {1},
  pages = {31--49},
  year = {1979}
}

@article{wadler1992,
  author = {Wadler, Philip},
  title = {Monads for Functional Programming},
  booktitle = {Advanced Functional Programming},
  publisher = {Springer},
  series = {LNCS 925},
  year = {1992}
}

@book{prigogine1984,
  author = {Prigogine, Ilya and Stengers, Isabelle},
  title = {Order Out of Chaos: Man's New Dialogue with Nature},
  publisher = {Bantam Books},
  year = {1984}
}

@book{nicolis1977,
  author = {Nicolis, G. and Prigogine, Ilya},
  title = {Self-Organization in Nonequilibrium Systems},
  publisher = {Wiley},
  year = {1977}
}

@book{schneider2005,
  author = {Schneider, Eric D. and Sagan, Dorion},
  title = {Into the Cool: Energy Flow, Thermodynamics, and Life},
  publisher = {University of Chicago Press},
  year = {2005}
}

@article{einstein1917,
  author = {Einstein, Albert},
  title = {Kosmologische Betrachtungen zur allgemeinen Relativit\"{a}tstheorie},
  journal = {Sitzungsberichte der K\"{o}niglich Preussischen Akademie der Wissenschaften},
  pages = {142--152},
  year = {1917}
}

@article{desitter1917,
  author = {de Sitter, Willem},
  title = {On the Relativity of Inertia: Remarks Concerning Einstein's Latest Hypothesis},
  journal = {Proceedings of the Royal Netherlands Academy of Arts and Sciences},
  volume = {19},
  pages = {1217--1225},
  year = {1917}
}

@article{peebles2003,
  author = {Peebles, P. J. E. and Ratra, Bharat},
  title = {The Cosmological Constant and Dark Energy},
  journal = {Reviews of Modern Physics},
  volume = {75},
  pages = {559--606},
  year = {2003}
}

@article{riess1998,
  author = {Riess, A. G. and others},
  title = {Observational Evidence from Supernovae for an Accelerating Universe and a Cosmological Constant},
  journal = {The Astronomical Journal},
  volume = {116},
  number = {3},
  pages = {1009--1038},
  year = {1998}
}

@article{perlmutter1999,
  author = {Perlmutter, S. and others},
  title = {Measurements of Omega and Lambda from 42 High-Redshift Supernovae},
  journal = {The Astrophysical Journal},
  volume = {517},
  number = {2},
  pages = {565--586},
  year = {1999}
}

@book{dodelson2003,
  author = {Dodelson, Scott},
  title = {Modern Cosmology},
  publisher = {Academic Press},
  year = {2003}
}

@book{whittle2006,
  author = {Whittle, Mark},
  title = {The Cosmic Symphony: The Universe Revealed},
  publisher = {Cambridge University Press},
  year = {2006}
}

@unpublished{whittle2015,
  author = {Whittle, Mark},
  title = {Cosmology (ASTR 1230, University of Virginia). Lecture 12: ``Falling Outward''},
  year = {2015}
}

@book{anderson2006,
  author = {Anderson, Monica},
  title = {After Phrenology: Neural Reuse and the Interactive Brain},
  publisher = {MIT Press},
  year = {2006}
}

@article{clark2013,
  author = {Clark, Andy},
  title = {Whatever Next? Predictive Brains, Situated Agents, and the Future of Cognitive Science},
  journal = {Behavioral and Brain Sciences},
  volume = {36},
  number = {3},
  pages = {181--204},
  year = {2013}
}

@book{hohwy2013,
  author = {Hohwy, Jakob},
  title = {The Predictive Mind},
  publisher = {Oxford University Press},
  year = {2013}
}
