@article{benjamin2019,
  title = {Race After Technology: Abolitionist Tools for the New Jim Code},
  author = {Benjamin, Ruha},
  journal = {Polity Press},
  year = {2019}
}

@article{boltzm1877,
  title = {{\"U}ber die Beziehung zwischen dem zweiten Hauptsatze der mechanischen W{\"a}rmetheorie und der Wahrscheinlichkeitsrechnung respektive den S{\"a}tzen {\"u}ber das W{\"a}rmegleichgewicht},
  author = {Boltzmann, Ludwig},
  journal = {Wiener Berichte},
  volume = {76},
  pages = {373--435},
  year = {1877}
}

@book{gibbs1902,
  title = {Elementary Principles in Statistical Mechanics},
  author = {Gibbs, J. Willard},
  publisher = {Yale University Press},
  year = {1902}
}

@article{jaynes1957,
  title = {Information Theory and Statistical Mechanics},
  author = {Jaynes, E. T.},
  journal = {Physical Review},
  volume = {106},
  number = {4},
  pages = {620--630},
  year = {1957}
}

@book{prigogine1980,
  title = {From Being to Becoming: Time and Complexity in the Physical Sciences},
  author = {Prigogine, Ilya},
  publisher = {W. H. Freeman},
  year = {1980}
}

@book{pearl2009,
  title = {Causality: Models, Reasoning, and Inference},
  author = {Pearl, Judea},
  edition = {2nd},
  publisher = {Cambridge University Press},
  year = {2009}
}

@book{spirtes2000,
  title = {Causation, Prediction, and Search},
  author = {Spirtes, Peter and Glymour, Clark and Scheines, Richard},
  edition = {2nd},
  publisher = {MIT Press},
  year = {2000}
}

@inproceedings{subrahmanian1987,
  title = {On the Semantics of Quantitative Logic Programs},
  author = {Subrahmanian, V. S.},
  booktitle = {Proceedings of the IEEE Symposium on Logic Programming},
  pages = {173--182},
  year = {1987}
}

@inproceedings{coste2005,
  title = {On the Computation of Preferred and Stable Extensions in Argumentation Frameworks},
  author = {Coste-Marquis, Sylvie and Konieczny, S{\'e}bastien and Marquis, Pierre},
  booktitle = {Logic Programming and Nonmonotonic Reasoning},
  pages = {221--233},
  year = {2005}
}

@article{basso1970,
  title = {To Give Up on Words: Silence in Western Apache Culture},
  author = {Basso, Keith H.},
  journal = {Southwestern Journal of Anthropology},
  volume = {26},
  number = {3},
  pages = {213--230},
  year = {1970}
}

@book{isozaki2006,
  title = {Ma: Space-Time in Japan},
  author = {Isozaki, Arata},
  publisher = {Japan House},
  year = {2006}
}

@book{jaworski1993,
  title = {The Power of Silence: Social and Pragmatic Perspectives},
  author = {Jaworski, Adam},
  publisher = {SAGE},
  year = {1993}
}

@book{wittgenstein1961,
  title = {Tractatus Logico-Philosophicus},
  author = {Wittgenstein, Ludwig},
  translator = {Pears, D. F. and McGuinness, B. F.},
  publisher = {Routledge},
  year = {1961},
  note = {(Original work published 1921)}
}

@inproceedings{goodhart1975,
  title = {Problems of Monetary Management: The U.K. Experience},
  author = {Goodhart, Charles A. E.},
  booktitle = {Papers in Monetary Economics},
  volume = {1},
  publisher = {Reserve Bank of Australia},
  year = {1975}
}

@article{strathern1997,
  title = {‘Improving Ratings’: Audit in the British University System},
  author = {Strathern, Marilyn},
  journal = {European Review},
  volume = {5},
  number = {3},
  pages = {305--321},
  year = {1997}
}

@book{pareto1896,
  title = {Cours d'{\'E}conomie Politique},
  author = {Pareto, Vilfredo},
  publisher = {F. Rouge},
  address = {Lausanne},
  year = {1896}
}

@article{newman2005,
  title = {Power Laws, Pareto Distributions and Zipf’s Law},
  author = {Newman, M. E. J.},
  journal = {Contemporary Physics},
  volume = {46},
  number = {5},
  pages = {323--351},
  year = {2005}
}

@article{shannon1948,
  title = {A Mathematical Theory of Communication},
  author = {Shannon, Claude E.},
  journal = {Bell System Technical Journal},
  volume = {27},
  number = {3--4},
  pages = {379--423, 623--656},
  year = {1948}
}

@article{gell1996,
  title = {Information Measures, Effective Complexity, and Total Information},
  author = {Gell-Mann, Murray and Lloyd, Seth},
  journal = {Complexity},
  volume = {2},
  number = {1},
  pages = {44--52},
  year = {1996}
}

@book{gitelman2013,
  title = {“Raw Data” Is an Oxymoron},
  editor = {Gitelman, Lisa},
  publisher = {MIT Press},
  year = {2013}
}

@article{godel1931,
  title = {{\"U}ber formal unentscheidbare S{\"a}tze der Principia Mathematica und verwandter Systeme I},
  author = {G{\"o}del, Kurt},
  journal = {Monatshefte f{\"u}r Mathematik und Physik},
  volume = {38},
  pages = {173--198},
  year = {1931}
}

@article{heisenberg1927,
  title = {{\"U}ber den anschaulichen Inhalt der quantentheoretischen Kinematik und Mechanik},
  author = {Heisenberg, Werner},
  journal = {Zeitschrift f{\"u}r Physik},
  volume = {43},
  number = {3--4},
  pages = {172--198},
  year = {1927}
}

@book{kuhn1962,
  title = {The Structure of Scientific Revolutions},
  author = {Kuhn, Thomas S.},
  publisher = {University of Chicago Press},
  year = {1962}
}

@article{friston2010,
  title = {The Free-Energy Principle: A Unified Brain Theory?},
  author = {Friston, Karl},
  journal = {Nature Reviews Neuroscience},
  volume = {11},
  number = {2},
  pages = {127--138},
  year = {2010}
}
