@article{Boltzmann1877,
  author = {Boltzmann, Ludwig},
  title = {Über die Beziehung zwischen dem zweiten Hauptsatze der mechanischen Wärmetheorie und der Wahrscheinlichkeitsrechnung respektive den Sätzen über das Wärmegleichgewicht},
  journal = {Wiener Berichte},
  volume = {76},
  pages = {373--435},
  year = {1877}
}

@book{Gibbs1902,
  author = {Gibbs, Josiah Willard},
  title = {Elementary Principles in Statistical Mechanics},
  publisher = {Yale University Press},
  year = {1902}
}

@article{Jaynes1957,
  author = {Jaynes, Edwin T.},
  title = {Information Theory and Statistical Mechanics},
  journal = {Physical Review},
  volume = {106},
  number = {4},
  pages = {620--630},
  year = {1957}
}

@book{Prigogine1980,
  author = {Prigogine, Ilya},
  title = {From Being to Becoming: Time and Complexity in the Physical Sciences},
  publisher = {W. H. Freeman},
  year = {1980}
}

@book{Pearl2009,
  author = {Pearl, Judea},
  title = {Causality: Models, Reasoning, and Inference},
  edition = {2nd},
  publisher = {Cambridge University Press},
  year = {2009}
}

@book{Spirtes2000,
  author = {Spirtes, Peter and Glymour, Clark and Scheines, Richard},
  title = {Causation, Prediction, and Search},
  edition = {2nd},
  publisher = {MIT Press},
  year = {2000}
}

@inproceedings{Subrahmanian1987,
  author = {Subrahmanian, V. S.},
  title = {On the Semantics of Quantitative Logic Programs},
  booktitle = {Proceedings of the IEEE Symposium on Logic Programming},
  pages = {173--182},
  year = {1987}
}

@inproceedings{CosteMarquis2005,
  author = {Coste-Marquis, Sylvie and Konieczny, Sébastien and Marquis, Pierre},
  title = {On the Computation of Preferred and Stable Extensions in Argumentation Frameworks},
  booktitle = {Logic Programming and Nonmonotonic Reasoning},
  pages = {221--233},
  year = {2005}
}

@article{Basso1970,
  author = {Basso, Keith H.},
  title = {To Give Up on Words: Silence in Western Apache Culture},
  journal = {Southwestern Journal of Anthropology},
  volume = {26},
  number = {3},
  pages = {213--230},
  year = {1970}
}

@book{Isozaki2006,
  author = {Isozaki, Arata},
  title = {Ma: Space-Time in Japan},
  publisher = {Japan House},
  year = {2006}
}

@book{Jaworski1993,
  author = {Jaworski, Adam},
  title = {The Power of Silence: Social and Pragmatic Perspectives},
  publisher = {SAGE},
  year = {1993}
}

@book{Wittgenstein1961,
  author = {Wittgenstein, Ludwig},
  title = {Tractatus Logico-Philosophicus},
  translator = {Pears, D. F. and McGuinness, B. F.},
  publisher = {Routledge},
  year = {1961},
  note = {Original work published 1921}
}

@incollection{Goodhart1975,
  author = {Goodhart, Charles A. E.},
  title = {Problems of Monetary Management: The U.K. Experience},
  booktitle = {Papers in Monetary Economics},
  volume = {1},
  publisher = {Reserve Bank of Australia},
  year = {1975}
}

@article{Strathern1997,
  author = {Strathern, Marilyn},
  title = {‘Improving Ratings’: Audit in the British University System},
  journal = {European Review},
  volume = {5},
  number = {3},
  pages = {305--321},
  year = {1997}
}

@book{Pareto1896,
  author = {Pareto, Vilfredo},
  title = {Cours d’Économie Politique},
  publisher = {F. Rouge},
  address = {Lausanne},
  year = {1896}
}

@article{Newman2005,
  author = {Newman, Mark E. J.},
  title = {Power Laws, Pareto Distributions and Zipf’s Law},
  journal = {Contemporary Physics},
  volume = {46},
  number = {5},
  pages = {323--351},
  year = {2005}
}

@article{Shannon1948,
  author = {Shannon, Claude E.},
  title = {A Mathematical Theory of Communication},
  journal = {Bell System Technical Journal},
  volume = {27},
  number = {3--4},
  pages = {379--423, 623--656},
  year = {1948}
}

@article{GellMann1996,
  author = {Gell-Mann, Murray and Lloyd, Seth},
  title = {Information Measures, Effective Complexity, and Total Information},
  journal = {Complexity},
  volume = {2},
  number = {1},
  pages = {44--52},
  year = {1996}
}

@book{Gitelman2013,
  editor = {Gitelman, Lisa},
  title = {“Raw Data” Is an Oxymoron},
  publisher = {MIT Press},
  year = {2013}
}

@book{Benjamin2019,
  author = {Benjamin, Ruha},
  title = {Race After Technology: Abolitionist Tools for the New Jim Code},
  publisher = {Polity Press},
  year = {2019}
}

@article{Godel1931,
  author = {Gödel, Kurt},
  title = {Über formal unentscheidbare Sätze der Principia Mathematica und verwandter Systeme I},
  journal = {Monatshefte für Mathematik und Physik},
  volume = {38},
  pages = {173--198},
  year = {1931}
}

@article{Heisenberg1927,
  author = {Heisenberg, Werner},
  title = {Über den anschaulichen Inhalt der quantentheoretischen Kinematik und Mechanik},
  journal = {Zeitschrift für Physik},
  volume = {43},
  number = {3--4},
  pages = {172--198},
  year = {1927}
}

@book{Kuhn1962,
  author = {Kuhn, Thomas S.},
  title = {The Structure of Scientific Revolutions},
  publisher = {University of Chicago Press},
  year = {1962}
}

@article{Friston2010,
  author = {Friston, Karl},
  title = {The Free-Energy Principle: A Unified Brain Theory?},
  journal = {Nature Reviews Neuroscience},
  volume = {11},
  number = {2},
  pages = {127--138},
  year = {2010}
}
