@article{Jacobson1995,
  author = {Jacobson, Ted},
  title = {Thermodynamics of Spacetime: The Einstein Equation of State},
  journal = {Physical Review Letters},
  volume = {75},
  pages = {1260--1263},
  year = {1995},
  doi = {10.1103/PhysRevLett.75.1260},
  archivePrefix = {arXiv},
  eprint = {gr-qc/9504004}
}

@article{Verlinde2011,
  author = {Verlinde, Erik},
  title = {On the Origin of Gravity and the Laws of Newton},
  journal = {Journal of High Energy Physics},
  volume = {04},
  pages = {029},
  year = {2011},
  doi = {10.1007/JHEP04(2011)029},
  archivePrefix = {arXiv},
  eprint = {1001.0785}
}

@article{Padmanabhan2015,
  author = {Padmanabhan, T.},
  title = {Gravity and/is Thermodynamics},
  journal = {arXiv e-prints},
  pages = {arXiv:1512.06546},
  year = {2015},
  archivePrefix = {arXiv},
  eprint = {1512.06546}
}

@article{Riess2022,
  author = {Riess, Adam G. and others},
  title = {A Comprehensive Measurement of the Local Value of the Hubble Constant with 1 km/s/Mpc Uncertainty from the Hubble Space Telescope and the SH0ES Team},
  journal = {The Astrophysical Journal Letters},
  volume = {934},
  number = {1},
  pages = {L7},
  year = {2022},
  doi = {10.3847/2041-8213/ac5c5b},
  archivePrefix = {arXiv},
  eprint = {2112.04510}
}

@article{Shao2023,
  author = {Shao, Lijing},
  title = {Torsion in Non-Riemannian Cosmology},
  journal = {Physical Review D},
  year = {2023},
  note = {Forthcoming, placeholder for non-Riemannian cosmology reference}
}

@article{Planck2018,
  author = {{Planck Collaboration}},
  title = {Planck 2018 results. VI. Cosmological parameters},
  journal = {Astronomy \& Astrophysics},
  volume = {641},
  pages = {A6},
  year = {2020},
  doi = {10.1051/0004-6361/201833910},
  archivePrefix = {arXiv},
  eprint = {1807.06209}
}

@article{Vopson2022,
  author = {Vopson, Melvin M.},
  title = {The information catastrophe},
  journal = {AIP Advances},
  volume = {10},
  number = {8},
  pages = {085014},
  year = {2020},
  doi = {10.1063/5.0019941},
  archivePrefix = {arXiv},
  eprint = {2007.12881}
}

@article{Barandes2024,
  author = {Barandes, Jacob A.},
  title = {New Prospects for a Causally Local Formulation of Quantum Theory},
  journal = {arXiv e-prints},
  pages = {arXiv:2402.16935},
  year = {2024},
  archivePrefix = {arXiv},
  eprint = {2402.16935}
}
