@article{CarrollRemmen2016,
  author = {Carroll, Sean M. and Remmen, Grant N.},
  title = {What is the Entropy in Entropic Gravity?},
  journal = {Phys. Rev. D},
  volume = {93},
  pages = {124052},
  year = {2016},
  doi = {10.1103/PhysRevD.93.124052},
  archivePrefix = {arXiv},
  eprint = {1601.07558}
}

@article{Visser2011,
  author = {Visser, Matt},
  title = {Conservative entropic forces},
  journal = {JHEP},
  volume = {10},
  pages = {140},
  year = {2011},
  doi = {10.1007/JHEP10(2011)140},
  archivePrefix = {arXiv},
  eprint = {1108.5240}
}

@book{Feynman1964,
  author = {Feynman, Richard P.},
  title = {The Feynman Lectures on Physics},
  publisher = {Addison Wesley},
  year = {1964},
  volume = {1},
  note = {Chapter 46: Ratchet and pawl}
}

@article{Darmos2021,
  author = {Darmos, S. Sky},
  title = {Gravity in Space Particle Dualism Theory},
  journal = {ResearchGate},
  year = {2021},
  doi = {10.13140/RG.2.2.12707.20004}
}

@article{Bianconi2025,
  author = {Bianconi, Ginestra},
  title = {Gravity from entropy},
  journal = {Phys. Rev. D},
  volume = {111},
  pages = {066001},
  year = {2025},
  doi = {10.1103/PhysRevD.111.066001},
  archivePrefix = {arXiv},
  eprint = {2408.14391}
}
