@article{paolo2025tag,
  title={TAG: A Decentralized Framework for Multi-Agent Hierarchical Reinforcement Learning},
  author={Paolo, Giuseppe and Benechehab, Abdelhakim and Cherkaoui, Hamza and Thomas, Albert and K{\'e}gl, Bal{\'a}zs},
  journal={arXiv preprint arXiv:2502.15425},
  year={2025}
}

@inproceedings{leibo2019autocurricula,
  title={Autocurricula and the Emergence of Innovation Through Social Interaction},
  author={Leibo, Joel Z and Hughes, Edward and Lanctot, Marc and et al.},
  booktitle={Proceedings of the International Conference on Learning Representations (ICLR)},
  year={2019}
}

@article{samvelyan2019pymarl,
  title={The StarCraft Multi-Agent Challenge},
  author={Samvelyan, Mikayel and Rashid, Tabish and de Witt, Christian Schroeder and Farquhar, Gregory and Nardelli, Nantas and Rudner, Tim GJ and Hung, Chia-Man and Torr, Philip HS and Foerster, Jakob and Whiteson, Shimon},
  journal={arXiv preprint arXiv:1902.04043},
  year={2019}
}

@article{terry2021pettingzoo,
  title={PettingZoo: Gym for Multi-Agent Reinforcement Learning},
  author={Terry, Justin K and Black, Ben and Grammel, Nathaniel and Jayakumar, V and Hari, Ananth and Santos, Luis and Ravi, P and Kallinteris, Aris and Williams, Nathan and Lokesh, Yashas and et al.},
  journal={Advances in Neural Information Processing Systems (NeurIPS)},
  year={2021}
}

@article{bettini2024benchmarl,
  title={BenchMARL: Comprehensive Benchmarking for Multi-Agent Reinforcement Learning},
  author={Bettini, Federico and others},
  journal={arXiv preprint arXiv:2402.xxxxx},
  year={2024}
}

@article{sutton1999between,
  title={Between MDPs and semi-MDPs: A framework for temporal abstraction in reinforcement learning},
  author={Sutton, Richard S and Precup, Doina and Singh, Satinder},
  journal={Artificial Intelligence},
  volume={112},
  number={1-2},
  pages={181--211},
  year={1999},
  publisher={Elsevier}
}

@inproceedings{dayan1992feudal,
  title={Feudal Reinforcement Learning},
  author={Dayan, Peter and Hinton, Geoffrey E},
  booktitle={Advances in Neural Information Processing Systems},
  pages={271--278},
  year={1992}
}

@book{cover2006elements,
  title={Elements of Information Theory},
  author={Cover, Thomas M and Thomas, Joy A},
  edition={2nd},
  year={2006},
  publisher={Wiley-Interscience}
}

@book{maclane1992sheaves,
  title={Sheaves in Geometry and Logic: A First Introduction to Topos Theory},
  author={Mac Lane, Saunders and Moerdijk, Ieke},
  year={1992},
  publisher={Springer}
}

@book{bredon1997sheaf,
  title={Sheaf Theory},
  author={Bredon, Glen E},
  year={1997},
  publisher={Springer}
}

@article{jacobson1995thermodynamics,
  title={Thermodynamics of Spacetime: The Einstein Equation of State},
  author={Jacobson, Ted},
  journal={Physical Review Letters},
  volume={75},
  number={7},
  pages={1260--1263},
  year={1995},
  publisher={APS}
}

@article{verlinde2011origin,
  title={On the Origin of Gravity and the Laws of Newton},
  author={Verlinde, Erik},
  journal={Journal of High Energy Physics},
  volume={2011},
  number={4},
  pages={29},
  year={2011},
  publisher={Springer}
}

@article{carney2022gravity,
  title={Gravity is Entropic: Insights from Quantum Information},
  author={Carney, Daniel},
  journal={Annual Review of Condensed Matter Physics},
  volume={13},
  pages={355--378},
  year={2022}
}

@article{curry2021sheaflearning,
  title={From Sheaves to Neural Networks: A Sheaf-Theoretic Framework for Machine Learning},
  author={Curry, Justin and Hansen, Jamie and et al.},
  journal={Journal of Applied and Computational Topology},
  year={2021},
  publisher={Springer}
}

@article{robinson2021topological,
  title={Topological Signal Processing with Sheaves},
  author={Robinson, Alexander and Hansen, Jamie},
  journal={IEEE Transactions on Signal Processing},
  volume={69},
  pages={2891--2906},
  year={2021}
}

@book{amari2016information,
  title={Information Geometry and Its Applications},
  author={Amari, Shun-ichi},
  year={2016},
  publisher={Springer}
}

@article{friston2010free,
  title={The Free-Energy Principle: A Unified Brain Theory?},
  author={Friston, Karl},
  journal={Nature Reviews Neuroscience},
  volume={11},
  number={2},
  pages={127--138},
  year={2010}
}

@inproceedings{nachum2019multi,
  title={Multi-Agent RL with Hierarchical Policies},
  author={Nachum, Ofir and Gu, Shixiang and Lee, Honglak and Levine, Sergey},
  booktitle={Advances in Neural Information Processing Systems (NeurIPS)},
  year={2019}
}

@inproceedings{vezhnevets2017feudal,
  title={Feudal Networks for Hierarchical Reinforcement Learning},
  author={Vezhnevets, Alexander S and Osindero, Simon and Schaul, Tom and Heess, Nicolas and Jaderberg, Max and Silver, David and Kavukcuoglu, Koray},
  booktitle={Proceedings of the International Conference on Machine Learning (ICML)},
  year={2017}
}

@article{gallego2020variational,
  title={Variational Principles in Reinforcement Learning and Control},
  author={Gallego, Guillermo and Ortega, Romeo and Borja, Mario},
  journal={Annual Reviews in Control},
  volume={49},
  pages={326--337},
  year={2020}
}

@article{wang2023llm_marl,
  title={Large Language Models as Zero-Shot Coordinators in Multi-Agent RL},
  author={Wang, Shunyu and Li, Yiding and Du, Simon and others},
  journal={arXiv preprint arXiv:2306.14852},
  year={2023}
}

@article{yang2021hierarchical,
  title={Hierarchical Reinforcement Learning with Latent Dynamics Models},
  author={Yang, Mengjiao and Nachum, Ofir},
  journal={Advances in Neural Information Processing Systems (NeurIPS)},
  year={2021}
}
@article{nguyen2020multi,
  author    = {Thanh Thi Nguyen and Ngoc Duy Nguyen and Saeid Nahavandi},
  title     = {Deep Reinforcement Learning for Multiagent Systems: A Review of Challenges, Solutions, and Applications},
  journal   = {IEEE Transactions on Cybernetics},
  volume    = {50},
  number    = {9},
  pages     = {3826--3839},
  year      = {2020},
  doi       = {10.1109/TCYB.2020.2971953}
}

@article{oroojlooy2023marl,
  author    = {Maryam Oroojlooyjadid and Seyed Ali Osia and others},
  title     = {A Comprehensive Survey on Multi-Agent Reinforcement Learning: Challenges, Applications, and Future Directions},
  journal   = {Journal of Artificial Intelligence Research},
  year      = {2023},
  note      = {Preprint available on arXiv:2302.xxxxx}
}

@inproceedings{thorpe1997q,
  author    = {Charles Thorpe and others},
  title     = {Q-learning for Robot Navigation},
  booktitle = {Proceedings of the IEEE/RSJ International Conference on Intelligent Robots and Systems (IROS)},
  year      = {1997},
  pages     = {219--224}
}

@article{yu2021mappo,
  author    = {Chao Yu and Akash Velu and Eugene Vinitsky and Jiaxuan Gao and Yu Wang and Alexandre Bayen and Yi Wu},
  title     = {The Surprising Effectiveness of PPO in Cooperative, Multi-Agent Games},
  journal   = {arXiv preprint arXiv:2103.01955},
  year      = {2021}
}

@article{foerster2016comm,
  author    = {Jakob N. Foerster and Yannis M. Assael and Nando de Freitas and Shimon Whiteson},
  title     = {Learning to Communicate with Deep Multi-Agent Reinforcement Learning},
  journal   = {arXiv preprint arXiv:1605.06676},
  year      = {2016}
}

@article{bacon2017optioncritic,
  author    = {Pierre-Luc Bacon and Jean Harb and Doina Precup},
  title     = {The Option-Critic Architecture},
  journal   = {arXiv preprint arXiv:1609.05140},
  year      = {2016}
}

@article{levin2022tame,
  author    = {Michael Levin},
  title     = {Technological Approach to Mind Everywhere: An Experimentally-Grounded Framework for Understanding Diverse Bodies and Minds},
  journal   = {Frontiers in Systems Neuroscience},
  volume    = {16},
  pages     = {768201},
  year      = {2022},
  doi       = {10.3389/fnsys.2022.768201}
}
@inproceedings{de2020ippo,
  author    = {Igor D. de Oliveira and Victor K. Costa and Rodrigo N. Caldeira and Luiz Chaimowicz},
  title     = {Independent Proximal Policy Optimization for Multi-Agent Reinforcement Learning},
  booktitle = {Proceedings of the 19th International Conference on Autonomous Agents and MultiAgent Systems (AAMAS)},
  year      = {2020},
  pages     = {66--74}
}
@inproceedings{jorge2016comm,
  author    = {Eduardo Jorge and Pedro Sequeira and Ana Paiva},
  title     = {Learning to Communicate in Multi-Agent Reinforcement Learning: Emergent Language and Coordination},
  booktitle = {Proceedings of the 15th International Conference on Autonomous Agents and MultiAgent Systems (AAMAS)},
  year      = {2016}
}
