@article{PacucciLoeb2025,
  author       = {Pacucci, F. and Loeb, A.},
  title        = {Cosmic Outliers: Low-spin Halos Explain the Abundance, Compactness, and Redshift Evolution of the Little Red Dots},
  journal      = {ApJ Lett.},
  year         = {2025},
  volume       = {989},
  pages        = {L19},
  doi          = {10.3847/2041-8213/ad87f2}
}

@article{Baggen2023,
  author       = {Baggen, J. F. W. and others},
  title        = {Compact High-z Sources with JWST: Sizes of the Little Red Dots},
  journal      = {ApJ},
  year         = {2023},
  volume       = {951},
  pages        = {123},
  doi          = {10.3847/1538-4357/acd0f9}
}

@article{Kocevski2025,
  author       = {Kocevski, D. D. and others},
  title        = {The Abundance and Redshift Distribution of the Little Red Dots},
  journal      = {ApJ},
  year         = {2025},
  volume       = {988},
  pages        = {101},
  doi          = {10.3847/1538-4357/ad78a2}
}

@article{Kokorev2024,
  author       = {Kokorev, V. and others},
  title        = {Spectral Properties of the Little Red Dots with JWST},
  journal      = {MNRAS},
  year         = {2024},
  volume       = {528},
  pages        = {321},
  doi          = {10.1093/mnras/stae021}
}

@article{Zhuang2025,
  author       = {Zhuang, M.-Y. and others},
  title        = {Clustering of the Little Red Dots at z<4},
  journal      = {ApJ},
  year         = {2025},
  volume       = {987},
  pages        = {93},
  doi          = {10.3847/1538-4357/ad6f32}
}

@article{Ananna2024,
  author       = {Ananna, T. T. and others},
  title        = {Deep X-ray Stacking of Compact High-z Sources: Limits on AGN Activity},
  journal      = {ApJ},
  year         = {2024},
  volume       = {961},
  pages        = {12},
  doi          = {10.3847/1538-4357/ad2a11}
}

@article{Maiolino2025,
  author       = {Maiolino, R. and others},
  title        = {Spectral Evidence for Dense Gas in Compact JWST Galaxies},
  journal      = {Nature Astronomy},
  year         = {2025},
  volume       = {9},
  pages        = {311},
  doi          = {10.1038/s41550-025-01873}
}

@article{MoMaoWhite1998,
  author       = {Mo, H. J. and Mao, S. and White, S. D. M.},
  title        = {The formation of galactic disks},
  journal      = {MNRAS},
  year         = {1998},
  volume       = {295},
  pages        = {319--336},
  doi          = {10.1046/j.1365-8711.1998.01227.x}
}

@article{EisensteinLoeb1995,
  author       = {Eisenstein, D. J. and Loeb, A.},
  title        = {Origin of quasar progenitors from the collapse of low-spin density perturbations},
  journal      = {ApJ},
  year         = {1995},
  volume       = {443},
  pages        = {11--17},
  doi          = {10.1086/175496}
}

@article{BarkanaLoeb2001,
  author       = {Barkana, R. and Loeb, A.},
  title        = {In the beginning: The first sources of light and the reionization of the universe},
  journal      = {Physics Reports},
  year         = {2001},
  volume       = {349},
  pages        = {125--238},
  doi          = {10.1016/S0370-1573(01)00019-9}
}

@book{Payne1925,
  author       = {Payne-Gaposchkin, Cecilia},
  title        = {Stellar Atmospheres: A Contribution to the Observational Study of High Temperature in the Reversing Layers of Stars},
  school       = {Radcliffe College},
  year         = {1925},
  note         = {Ph.D. Thesis, published as Harvard Observatory Monograph}
}

@article{AtkinsonShiffrin1968,
  author       = {Atkinson, R. C. and Shiffrin, R. M.},
  title        = {Human Memory: A Proposed System and its Control Processes},
  journal      = {Psychology of Learning and Motivation},
  year         = {1968},
  volume       = {2},
  pages        = {89--195},
  doi          = {10.1016/S0079-7421(08)60422-3}
}

@article{Barenholtz2025,
  author       = {Barenholtz, E.},
  title        = {Autoregressive Cognition: A Non-Markovian Framework for Memory and Attention},
  journal      = {TBD},
  year         = {2025},
  note         = {Forthcoming; preprint available on Substack/Medium}
}

@book{Ebbinghaus1885,
  author       = {Ebbinghaus, H.},
  title        = {Memory: A Contribution to Experimental Psychology},
  publisher    = {Dover Publications},
  year         = {1885},
  note         = {Translated 1913}
}

@book{Bartlett1932,
  author       = {Bartlett, F. C.},
  title        = {Remembering: A Study in Experimental and Social Psychology},
  publisher    = {Cambridge University Press},
  year         = {1932}
}

@article{CraikLockhart1972,
  author       = {Craik, F. I. M. and Lockhart, R. S.},
  title        = {Levels of Processing: A Framework for Memory Research},
  journal      = {Journal of Verbal Learning and Verbal Behavior},
  year         = {1972},
  volume       = {11},
  pages        = {671--684},
  doi          = {10.1016/S0022-5371(72)80001-X}
}

@article{Baddeley1974,
  author       = {Baddeley, A. D. and Hitch, G.},
  title        = {Working Memory},
  journal      = {Psychology of Learning and Motivation},
  year         = {1974},
  volume       = {8},
  pages        = {47--89},
  doi          = {10.1016/S0079-7421(08)60452-1}
}

@article{Friston2010,
  author       = {Friston, K.},
  title        = {The Free-Energy Principle: A Unified Brain Theory?},
  journal      = {Nature Reviews Neuroscience},
  year         = {2010},
  volume       = {11},
  pages        = {127--138},
  doi          = {10.1038/nrn2787}
}

@article{Tononi2004,
  author       = {Tononi, G.},
  title        = {An Information Integration Theory of Consciousness},
  journal      = {BMC Neuroscience},
  year         = {2004},
  volume       = {5},
  pages        = {42},
  doi          = {10.1186/1471-2202-5-42}
}

@book{Bergson1910,
  author       = {Bergson, H.},
  title        = {Time and Free Will: An Essay on the Immediate Data of Consciousness},
  publisher    = {Swan Sonnenschein},
  year         = {1910}
}