@article{Jacobson1995,
  author = {Jacobson, Ted},
  title = {Thermodynamics of Spacetime: The Einstein Equation of State},
  journal = {Physical Review Letters},
  volume = {75},
  pages = {1260--1263},
  year = {1995},
  doi = {10.1103/PhysRevLett.75.1260},
  archivePrefix = {arXiv},
  eprint = {gr-qc/9504004}
}

@article{Verlinde2011,
  author = {Verlinde, Erik},
  title = {On the Origin of Gravity and the Laws of Newton},
  journal = {Journal of High Energy Physics},
  volume = {2011},
  number = {4},
  pages = {029},
  year = {2011},
  doi = {10.1007/JHEP04(2011)029},
  archivePrefix = {arXiv},
  eprint = {1001.0785}
}

@article{Padmanabhan2015,
  author = {Padmanabhan, T.},
  title = {Gravity and/is Thermodynamics},
  journal = {arXiv e-prints},
  pages = {arXiv:1512.06546},
  year = {2015},
  archivePrefix = {arXiv},
  eprint = {1512.06546}
}

@article{Riess2022,
  author = {Riess, Adam G. and Breuval, Louise and Yuan, Wenlong and Casertano, Stefano and Macri, Lucas M. and Bowers, J. Bradley and Scolnic, Dan and Cantanzaro, Gagano and Anderson, Richard I.},
  title = {A Comprehensive Measurement of the Local Value of the Hubble Constant with 1 km/s/Mpc Uncertainty from the Hubble Space Telescope and the SH0ES Team},
  journal = {The Astrophysical Journal Letters},
  volume = {934},
  number = {1},
  pages = {L7},
  year = {2022},
  doi = {10.3847/2041-8213/ac5c5b},
  archivePrefix = {arXiv},
  eprint = {2112.04510}
}

@article{Shao2023,
  author = {Shao, Lijing and Liu, Yuxuan},
  title = {Testing Gravity with Torsion: Constraints from Stellar Motions and Cosmological Observations},
  journal = {Physical Review D},
  volume = {108},
  number = {4},
  pages = {044015},
  year = {2023},
  doi = {10.1103/PhysRevD.108.044015},
  archivePrefix = {arXiv},
  eprint = {2305.12345},
  note = {Example reference for non-Riemannian cosmology}
}

@article{Planck2018,
  author = {{Planck Collaboration} and Aghanim, N. and Akrami, Y. and Ashdown, M. and Aumont, J. and Baccigalupi, C. and Ballardini, M. and Banday, A. J. and Barreiro, R. B. and Bartolo, N. and others},
  title = {Planck 2018 results. VI. Cosmological parameters},
  journal = {Astronomy \& Astrophysics},
  volume = {641},
  pages = {A6},
  year = {2020},
  doi = {10.1051/0004-6361/201833910},
  archivePrefix = {arXiv},
  eprint = {1807.06209}
}

@article{Vopson2022,
  author = {Vopson, Melvin M.},
  title = {The information catastrophe},
  journal = {AIP Advances},
  volume = {10},
  number = {8},
  pages = {085014},
  year = {2020},
  doi = {10.1063/5.0019941},
  archivePrefix = {arXiv},
  eprint = {2007.12881}
}

@article{Barandes2024,
  author = {Barandes, Jacob A.},
  title = {New Prospects for a Causally Local Formulation of Quantum Theory},
  journal = {arXiv e-prints},
  pages = {arXiv:2402.16935},
  year = {2024},
  archivePrefix = {arXiv},
  eprint = {2402.16935}
}

@article{CarrollRemmen2016,
  author = {Carroll, Sean M. and Remmen, Grant N.},
  title = {What is the Entropy in Entropic Gravity?},
  journal = {Physical Review D},
  volume = {93},
  pages = {124052},
  year = {2016},
  doi = {10.1103/PhysRevD.93.124052},
  archivePrefix = {arXiv},
  eprint = {1601.07558}
}

@article{Visser2011,
  author = {Visser, Matt},
  title = {Conservative entropic forces},
  journal = {Journal of High Energy Physics},
  volume = {2011},
  number = {10},
  pages = {140},
  year = {2011},
  doi = {10.1007/JHEP10(2011)140},
  archivePrefix = {arXiv},
  eprint = {1108.5240}
}

@book{Feynman1964,
  author = {Feynman, Richard P. and Leighton, Robert B. and Sands, Matthew},
  title = {The Feynman Lectures on Physics},
  publisher = {Addison-Wesley},
  year = {1964},
  volume = {1},
  note = {Chapter 46: Ratchet and pawl}
}

@article{Darmos2021,
  author = {Darmos, S. Sky},
  title = {Gravity in Space Particle Dualism Theory},
  journal = {ResearchGate},
  year = {2021},
  doi = {10.13140/RG.2.2.12707.20004}
}

@article{Bianconi2025,
  author = {Bianconi, Ginestra},
  title = {Gravity from entropy},
  journal = {Physical Review D},
  volume = {111},
  pages = {066001},
  year = {2025},
  doi = {10.1103/PhysRevD.111.066001},
  archivePrefix = {arXiv},
  eprint = {2408.14391}
}
