@book{Aikhenvald2000,
  author = {Aikhenvald, Alexandra Y.},
  title = {Classifiers: A Typology of Noun Categorization Devices},
  publisher = {Oxford University Press},
  year = {2000}
}

@book{Corbett1991,
  author = {Corbett, Greville G.},
  title = {Gender},
  publisher = {Cambridge University Press},
  year = {1991}
}

@book{Kramer2015,
  author = {Kramer, Ruth},
  title = {The Morphosyntax of Gender},
  publisher = {Oxford University Press},
  year = {2015}
}

@book{Dixon1982,
  author = {Dixon, R. M. W.},
  title = {Where Have All the Adjectives Gone? And Other Essays in Semantics and Syntax},
  publisher = {Mouton de Gruyter},
  year = {1982}
}

@misc{GenesisRabbah,
  title = {Genesis Rabbah (Bereshit Rabbah)},
  note = {Midrash, ca. 5th–6th century CE}
}

@book{AugustineDeGenesi,
  author = {Augustine of Hippo},
  title = {De Genesi ad Litteram; City of God},
  year = {354–430}
}

@book{Brown1988,
  author = {Brown, Peter},
  title = {The Body and Society: Men, Women, and Sexual Renunciation in Early Christianity},
  publisher = {Columbia University Press},
  year = {1988}
}

@book{Scholem1946,
  author = {Scholem, Gershom},
  title = {Major Trends in Jewish Mysticism},
  publisher = {Schocken},
  year = {1946}
}

@book{Leff1967,
  author = {Leff, Gordon},
  title = {Medieval Thought: St. Augustine to Ockham},
  publisher = {Penguin},
  year = {1967}
}

@book{Kretzmann1982,
  editor = {Kretzmann, Norman and Kenny, Anthony and Pinborg, Jan},
  title = {The Cambridge History of Later Medieval Philosophy: From the Rediscovery of Aristotle to the Disintegration of Scholasticism, 1100–1600},
  publisher = {Cambridge University Press},
  year = {1982}
}

@book{Luscombe1997,
  author = {Luscombe, David},
  title = {Medieval Thought},
  publisher = {Oxford University Press},
  year = {1997}
}

@misc{AristotleOrganon,
  author = {Aristotle},
  title = {Organon (esp. De Interpretatione)}
}

@book{Boole1854,
  author = {Boole, George},
  title = {An Investigation of the Laws of Thought, on Which are Founded the Mathematical Theories of Logic and Probabilities},
  publisher = {Walton \& Maberly},
  year = {1854}
}

@book{Peirce1931,
  author = {Peirce, Charles Sanders},
  title = {Collected Papers},
  publisher = {Harvard University Press},
  year = {1931–58}
}

@book{Kneale1962,
  author = {Kneale, William and Kneale, Martha},
  title = {The Development of Logic},
  publisher = {Oxford University Press},
  year = {1962}
}

@book{Goody1977,
  author = {Goody, Jack},
  title = {The Domestication of the Savage Mind},
  publisher = {Cambridge University Press},
  year = {1977}
}

@book{Douglas1966,
  author = {Douglas, Mary},
  title = {Purity and Danger: An Analysis of Concepts of Pollution and Taboo},
  publisher = {Routledge},
  year = {1966}
}
