@inproceedings{hanson2000futarchy,
  author    = {Robin Hanson},
  title     = {Shall We Vote on Values, But Bet on Beliefs?},
  booktitle = {George Mason University Working Paper},
  year      = {2000},
  note      = {Futarchy proposal}
}

@incollection{hanson2013democracy,
  author    = {Robin Hanson},
  title     = {Shall We Vote on Values, But Bet on Beliefs?},
  booktitle = {Democracy and Decision Markets},
  year      = {2013}
}

@article{jaynes1957information,
  author  = {E. T. Jaynes},
  title   = {Information Theory and Statistical Mechanics},
  journal = {Physical Review},
  volume  = {106},
  number  = {4},
  pages   = {620--630},
  year    = {1957}
}

@article{ramshaw2022maximum,
  author  = {John D. Ramshaw},
  title   = {Maximum entropy and constraints in composite systems},
  journal = {Physical Review E},
  volume  = {105},
  number  = {2},
  pages   = {024138},
  year    = {2022}
}

@article{kummel2020entropy,
  author  = {Reiner Kümmel},
  title   = {Energy, Entropy, Constraints, and Creativity in Economic Systems},
  journal = {Entropy},
  volume  = {22},
  number  = {7},
  pages   = {720},
  year    = {2020}
}

@techreport{chen2018value,
  author      = {Jie Chen},
  title       = {An Entropy Theory of Value},
  institution = {University of Northern British Columbia},
  year        = {2018}
}

@article{oliveros2022inflation,
  author  = {A. Oliveros},
  title   = {Inflation in a Scalar–Vector–Tensor Theory},
  journal = {Classical and Quantum Gravity},
  volume  = {39},
  number  = {7},
  pages   = {075001},
  year    = {2022}
}

@article{cao2022entropy,
  author  = {Q. H. Cao},
  title   = {Entropy Constraint on Effective Field Theory},
  journal = {arXiv preprint arXiv:2201.00931},
  year    = {2022}
}

@article{chaudhari2024rlhf,
  author  = {S. Chaudhari and others},
  title   = {RLHF Deciphered: A Critical Analysis of Reinforcement Learning from Human Feedback},
  journal = {ACM Computing Surveys},
  volume  = {56},
  number  = {5},
  year    = {2024}
}

@article{cui2025entropy,
  author  = {Guangxuan Cui and others},
  title   = {The Entropy Mechanism of Reinforcement Learning for Reasoning Language Models},
  journal = {arXiv preprint arXiv:2505.22617},
  year    = {2025}
}

@misc{intuitionlabs2025rlhf,
  author = {{Intuition Labs}},
  title  = {A Comparison of Reinforcement Learning (RL) and RLHF},
  year   = {2025},
  howpublished = {\url{https://intuitionlabs.ai/articles/reinforcement-learning-vs-rlhf}}
}

@inproceedings{bolland2025maxent,
  author    = {Andrew Bolland and others},
  title     = {Off-Policy Maximum Entropy RL with Visitation Measures},
  booktitle = {International Conference on Learning Representations (ICLR)},
  year      = {2025}
}

@article{contractor2019tariffs,
  author  = {Farok J. Contractor},
  title   = {Adaptations by Multinationals and Traders to Mitigate Tariffs},
  journal = {Rutgers Business School Working Paper},
  year    = {2019}
}

@article{quantum2025tariffs,
  author  = {{Quantum Commodity Intelligence}},
  title   = {How Do Tariffs Impact Climate Adaptation?},
  journal = {Forbes},
  year    = {2025},
  month   = {May},
  note    = {\url{https://www.forbes.com/sites/simithambi/2025/05/30/how-the-current-tariff-tug-of-war-is-impacting-climate-adaptation/}}
}

@misc{rosalux2025sanctions,
  author = {{Rosa-Luxemburg-Stiftung}},
  title  = {Between Stagnation and Adaptation: The Politics of Sanctions},
  year   = {2025},
  note   = {\url{https://www.rosalux.de/en/news/id/53629/between-stagnation-and-adaptation}}
}

@misc{cbo2025shutdown,
  author = {{Congressional Budget Office}},
  title  = {Government Shutdown Impacts: Federal Furloughs and Delays},
  year   = {2025}
}

@article{gringlas2025shutdown,
  author  = {Sam Gringlas and Elena Moore and Lexie Schapitl},
  title   = {Congress Fails to Reach Agreement, Government Shuts Down},
  journal = {NPR},
  year    = {2025},
  month   = {September},
  note    = {\url{https://www.npr.org/2025/09/30}}
}

@book{maclane1998categories,
  author    = {Saunders Mac Lane},
  title     = {Categories for the Working Mathematician},
  publisher = {Springer},
  year      = {1998}
}

@book{kashiwara1990sheaves,
  author    = {Masaki Kashiwara and Pierre Schapira},
  title     = {Sheaves on Manifolds},
  publisher = {Springer},
  year      = {1990}
}

@book{vickers1989topology,
  author    = {Steven Vickers},
  title     = {Topology via Logic},
  publisher = {Cambridge University Press},
  year      = {1989}
}
