@misc{Sutton2019,
  author = {Sutton, Richard S.},
  title = {The Bitter Lesson},
  year = {2019},
  howpublished = {\url{http://www.incompleteideas.net/IncIdeas/BitterLesson.html}}
}
@misc{Brooks2019,
  author = {Brooks, Rodney},
  title = {A Better Lesson},
  journal = {Rodney Brooks Blog},
  year = {2019},
  howpublished = {\url{https://rodneybrooks.com/a-better-lesson}}
}
@misc{Kaplan2020,
  author = {Kaplan, Jared and McCandlish, Sam and Henighan, Tom and Brown, Tom B. and Chess, Benjamin and Child, Rewon and Gray, Scott and Radford, Alec and Wu, Jeffrey and Amodei, Dario},
  title = {Scaling Laws for Neural Language Models},
  year = {2020},
  eprint = {2001.08361},
  archivePrefix = {arXiv}
}
@article{Landauer1961,
  author = {Landauer, Rolf},
  title = {Irreversibility and Heat Generation in the Computing Process},
  journal = {IBM Journal of Research and Development},
  volume = {5},
  number = {3},
  pages = {183--191},
  year = {1961}
}
@article{Peirce1877,
  author = {Peirce, Charles Sanders},
  title = {The Fixation of Belief},
  journal = {Popular Science Monthly},
  volume = {12},
  pages = {1--15},
  year = {1877}
}
@book{Cohen1953,
  author = {Cohen, Morris R.},
  title = {Reason and Nature},
  edition = {Revised},
  publisher = {Free Press},
  year = {1953}
}
@book{Nagel1961,
  author = {Nagel, Ernest},
  title = {The Structure of Science},
  publisher = {Harcourt, Brace \& World},
  year = {1961}
}
@book{Cahoone2013,
  author = {Cahoone, Lawrence},
  title = {The Orders of Nature},
  publisher = {SUNY Press},
  year = {2013}
}
@misc{CahoonePodcast2025,
  author = {Rutt, Jim and Cahoone, Lawrence},
  title = {EP 319 -- Lawrence Cahoone on Emergence and Natural Order},
  howpublished = {The Jim Rutt Show Podcast},
  year = {2025},
  note = {Transcript: \url{https://jimruttshow.com/ep319-lawrence-cahoone}}
}
@book{Wimsatt2007,
  author = {Wimsatt, William C.},
  title = {Re-Engineering Philosophy for Limited Beings: Piecewise Approximations to Reality},
  publisher = {Harvard University Press},
  year = {2007}
}
@book{Morowitz2002,
  author = {Morowitz, Harold J.},
  title = {The Emergence of Everything: How the World Became Complex},
  publisher = {Oxford University Press},
  year = {2002}
}
@article{Hoel2017,
  author = {Hoel, Erik P.},
  title = {When the Map Is Better Than the Territory},
  journal = {Entropy},
  volume = {19},
  number = {5},
  pages = {188},
  year = {2017}
}
@article{Hoel2013,
  author = {Hoel, Erik P. and Albantakis, Larissa and Tononi, Giulio},
  title = {Quantifying Causal Emergence Shows That Macro Can Beat Micro},
  journal = {Proceedings of the National Academy of Sciences},
  volume = {110},
  number = {49},
  pages = {19790--19795},
  year = {2013}
}
@book{Buchler1990,
  author = {Buchler, Justus},
  title = {Metaphysics of Natural Complexes},
  edition = {2nd},
  publisher = {SUNY Press},
  year = {1990}
}
@book{Sellars1963,
  author = {Sellars, Wilfrid},
  title = {Science, Perception and Reality},
  publisher = {Routledge \& Kegan Paul},
  year = {1963}
}
@article{Mayr1961,
  author = {Mayr, Ernst},
  title = {Cause and Effect in Biology},
  journal = {Science},
  volume = {134},
  number = {3489},
  pages = {1501--1506},
  year = {1961}
}
@book{Monod1971,
  author = {Monod, Jacques},
  title = {Chance and Necessity},
  publisher = {Knopf},
  year = {1971}
}
@article{Simon1962,
  author = {Simon, Herbert A.},
  title = {The Architecture of Complexity},
  journal = {Proceedings of the American Philosophical Society},
  volume = {106},
  number = {6},
  pages = {467--482},
  year = {1962}
}
@book{Salthe1985,
  author = {Salthe, Stanley N.},
  title = {Evolving Hierarchical Systems},
  publisher = {Columbia University Press},
  year = {1985}
}
@book{Prigogine1984,
  author = {Prigogine, Ilya and Stengers, Isabelle},
  title = {Order Out of Chaos: Man's New Dialogue with Nature},
  publisher = {Bantam},
  year = {1984}
}
@book{Prigogine1977,
  author = {Prigogine, Ilya},
  title = {Self-Organization in Nonequilibrium Systems},
  publisher = {Wiley},
  year = {1977}
}
@book{Damasio2010,
  author = {Damasio, Antonio},
  title = {Self Comes to Mind: Constructing the Conscious Brain},
  publisher = {Pantheon},
  year = {2010}
}
@article{Buchert2000,
  author = {Buchert, Thomas},
  title = {On Average Properties of Inhomogeneous Fluids in General Relativity: Dust Cosmologies},
  journal = {General Relativity and Gravitation},
  volume = {32},
  number = {1},
  pages = {105--125},
  year = {2000}
}
@article{Clarkson2011,
  author = {Clarkson, Chris and Ellis, George F. R. and Larena, Julien and Umeh, Obinna},
  title = {Does the Growth of Structure Affect Our Dynamical Models of the Universe?},
  journal = {Reports on Progress in Physics},
  volume = {74},
  number = {11},
  pages = {112901},
  year = {2011}
}
@article{Giani2025,
  author = {Giani, Leonardo and von Marttens, Rodrigo and Camilleri, Ryan},
  title = {A Novel Approach to Cosmological Non-linearities as an Effective Fluid},
  journal = {Physical Review Letters},
  volume = {135},
  number = {8},
  pages = {081301},
  year = {2025}
}
@article{Umeh2014,
  author = {Umeh, Obinna and Clarkson, Chris and Maartens, Roy},
  title = {Nonlinear Relativistic Corrections to Cosmological Distances, Redshift and Gravitational Lensing Magnification: II. Derivation},
  journal = {Classical and Quantum Gravity},
  volume = {31},
  number = {20},
  pages = {205001},
  year = {2014}
}
@article{Riess2019,
  author = {Riess, Adam G. and others},
  title = {Large Magellanic Cloud Cepheid Standards Provide a 1\% Foundation for the Determination of the Hubble Constant and Stronger Evidence for Physics beyond \textLambda CDM},
  journal = {Astrophysical Journal},
  volume = {876},
  number = {1},
  pages = {85},
  year = {2019}
}
@article{Verde2019,
  author = {Verde, Licia and Treu, Tommaso and Riess, Adam G.},
  title = {Tensions between the Early and Late Universe},
  journal = {Nature Astronomy},
  volume = {3},
  pages = {891--895},
  year = {2019}
}
@misc{DES2021,
  author = {{Dark Energy Survey Collaboration}},
  title = {Dark Energy Survey Year 5 Results},
  year = {2021},
  eprint = {2105.13549},
  archivePrefix = {arXiv}
}
@misc{DESI2024,
  author = {{DESI Collaboration}},
  title = {DESI 2024 Results: BAO Measurements from the First Year of Data},
  year = {2024},
  eprint = {2404.03000},
  archivePrefix = {arXiv}
}
@misc{Flyxion2025,
  author = {{Flyxion Project}},
  title = {The Fall of Space: Entropic Relaxation and Structure Without Expansion in a Scalar-Vector Plenum},
  year = {2025},
  note = {Forthcoming}
}
@article{Verlinde2011,
  author = {Verlinde, Erik},
  title = {On the Origin of Gravity and the Laws of Newton},
  journal = {Journal of High Energy Physics},
  volume = {2011},
  number = {4},
  pages = {29},
  year = {2011}
}
@article{Jacobson1995,
  author = {Jacobson, Ted},
  title = {Thermodynamics of Spacetime: The Einstein Equation of State},
  journal = {Physical Review Letters},
  volume = {75},
  number = {7},
  pages = {1260--1263},
  year = {1995}
}
@book{Ceruzzi2003,
  author = {Ceruzzi, Paul E.},
  title = {A History of Modern Computing},
  publisher = {MIT Press},
  year = {2003}
}
@techreport{vonNeumann1946,
  author = {Burks, Arthur W. and Goldstine, Herman H. and von Neumann, John},
  title = {Preliminary Discussion of the Logical Design of an Electronic Computing Instrument},
  institution = {Institute for Advanced Study},
  year = {1946}
}
@article{Arvind1986,
  author = {Arvind and Culler, David E.},
  title = {Dataflow Architectures},
  journal = {Annual Review of Computer Science},
  volume = {1},
  pages = {225--253},
  year = {1986}
}
@article{Mead1990,
  author = {Mead, Carver},
  title = {Neuromorphic Electronic Systems},
  journal = {Proceedings of the IEEE},
  volume = {78},
  number = {10},
  pages = {1629--1636},
  year = {1990}
}
@book{Patterson2013,
  author = {Patterson, David A. and Hennessy, John L.},
  title = {Computer Organization and Design: The Hardware/Software Interface},
  publisher = {Elsevier},
  year = {2013}
}
@manual{Burroughs1961,
  organization = {Burroughs Corporation},
  title = {Burroughs B5000 Information Processing System Reference Manual},
  year = {1961}
}
@article{Bush1945,
  author = {Bush, Vannevar},
  title = {As We May Think},
  journal = {The Atlantic Monthly},
  month = {July},
  year = {1945}
}
@misc{Physorg2025,
  author = {Giani, Leonardo and others},
  title = {Mathematical Model Reveals How Collapsing Matter and Expanding Voids Shape Universe’s Evolution},
  journal = {Phys.org},
  year = {2025},
  month = {August},
  howpublished = {\url{https://phys.org/news/2025-08-mathematical-reveals-collapsing-voids-universe.html}}
}
@article{Costa2002,
  author = {Costa, Madalena and Goldberger, Ary L. and Peng, C.-K.},
  title = {Multiscale Entropy Analysis of Complex Physiologic Time Series},
  journal = {Physical Review Letters},
  volume = {89},
  number = {6},
  pages = {068102},
  year = {2002}
}
@book{Gunning1991,
  author = {Gunning, Tom},
  title = {D. W. Griffith and the Origins of American Narrative Film: The Early Years at Biograph},
  publisher = {University of Illinois Press},
  year = {1991}
}
@book{Abel1999,
  author = {Abel, Richard},
  title = {The Red Rooster Scare: Making Cinema American, 1900--1910},
  publisher = {University of California Press},
  year = {1999}
}
@book{Zone2007,
  author = {Zone, Ray},
  title = {Stereoscopic Cinema and the Origins of 3-D Film, 1838--1952},
  publisher = {University Press of Kentucky},
  year = {2007}
}
@book{Elena2001,
  author = {Elena, Alberto},
  title = {The Cinema of Spain and Spanish America},
  publisher = {Wallflower Press},
  year = {2001}
}
@article{Kauffman1993,
  author = {Kauffman, Stuart A.},
  title = {The Origins of Order: Self-Organization and Selection in Evolution},
  publisher = {Oxford University Press},
  year = {1993}
}
@article{Barabasi1999,
  author = {Barabási, Albert-László and Albert, Réka},
  title = {Emergence of Scaling in Random Networks},
  journal = {Science},
  volume = {286},
  number = {5439},
  pages = {509--512},
  year = {1999}
}
@article{Anderson1972,
  author = {Anderson, Philip W.},
  title = {More is Different: Broken Symmetry and the Nature of the Hierarchical Structure of Science},
  journal = {Science},
  volume = {177},
  number = {4047},
  pages = {393--396},
  year = {1972}
}
@book{Holland1998,
  author = {Holland, John H.},
  title = {Emergence: From Chaos to Order},
  publisher = {Addison-Wesley},
  year = {1998}
}
@article{Bedau1997,
  author = {Bedau, Mark A.},
  title = {Weak Emergence},
  journal = {Philosophical Perspectives},
  volume = {11},
  pages = {375--399},
  year = {1997}
}
@article{Chalmers2006,
  author = {Chalmers, David J.},
  title = {Strong and Weak Emergence},
  journal = {The Re-Emergence of Emergence},
  pages = {244--256},
  year = {2006}
}
@article{Tononi2004,
  author = {Tononi, Giulio},
  title = {An Information Integration Theory of Consciousness},
  journal = {BMC Neuroscience},
  volume = {5},
  number = {42},
  year = {2004}
}
@article{Oizumi2014,
  author = {Oizumi, Masafumi and Albantakis, Larissa and Tononi, Giulio},
  title = {From the Phenomenology to the Mechanisms of Consciousness: Integrated Information Theory 3.0},
  journal = {PLoS Computational Biology},
  volume = {10},
  number = {5},
  pages = {e1003588},
  year = {2014}
}
@article{Planck1914,
  author = {Planck, Max},
  title = {The Theory of Heat Radiation},
  publisher = {P. Blakiston's Son \& Co.},
  year = {1914}
}
@book{Tolman1934,
  author = {Tolman, Richard C.},
  title = {Relativity, Thermodynamics, and Cosmology},
  publisher = {Oxford University Press},
  year = {1934}
}
@article{Weinberg1971,
  author = {Weinberg, Steven},
  title = {Entropy of the Universe},
  journal = {Astrophysical Journal},
  volume = {168},
  pages = {175--179},
  year = {1971}
}
@article{Penrose1979,
  author = {Penrose, Roger},
  title = {Singularities and Time-Asymmetry},
  journal = {General Relativity: An Einstein Centenary Survey},
  pages = {581--638},
  year = {1979}
}
@book{Boltzmann1896,
  author = {Boltzmann, Ludwig},
  title = {Lectures on Gas Theory},
  publisher = {University of California Press},
  year = {1964},
  note = {Originally published 1896}
}
@article{Shannon1948,
  author = {Shannon, Claude E.},
  title = {A Mathematical Theory of Communication},
  journal = {Bell System Technical Journal},
  volume = {27},
  number = {3},
  pages = {379--423},
  year = {1948}
}
@article{Jaynes1957,
  author = {Jaynes, Edwin T.},
  title = {Information Theory and Statistical Mechanics},
  journal = {Physical Review},
  volume = {106},
  number = {4},
  pages = {620--630},
  year = {1957}
}
@book{Wheeler1998,
  author = {Wheeler, John Archibald},
  title = {Geons, Black Holes, and Quantum Foam: A Life in Physics},
  publisher = {W. W. Norton \& Company},
  year = {1998}
}
@article{Bekenstein1973,
  author = {Bekenstein, Jacob D.},
  title = {Black Holes and Entropy},
  journal = {Physical Review D},
  volume = {7},
  number = {8},
  pages = {2333--2346},
  year = {1973}
}
@article{Hawking1975,
  author = {Hawking, Stephen W.},
  title = {Particle Creation by Black Holes},
  journal = {Communications in Mathematical Physics},
  volume = {43},
  number = {3},
  pages = {199--220},
  year = {1975}
}
@article{Friedman1922,
  author = {Friedman, Alexander},
  title = {On the Curvature of Space},
  journal = {Zeitschrift für Physik},
  volume = {10},
  number = {1},
  pages = {377--386},
  year = {1922}
}
@book{Einstein1916,
  author = {Einstein, Albert},
  title = {Relativity: The Special and General Theory},
  publisher = {H. Holt and Company},
  year = {1916}
}
@article{Lemaitre1931,
  author = {Lemaître, Georges},
  title = {The Beginning of the World from the Point of View of Quantum Theory},
  journal = {Nature},
  volume = {127},
  number = {3210},
  pages = {706},
  year = {1931}
}
@article{Hubble1929,
  author = {Hubble, Edwin},
  title = {A Relation between Distance and Radial Velocity among Extra-Galactic Nebulae},
  journal = {Proceedings of the National Academy of Sciences},
  volume = {15},
  number = {3},
  pages = {168--173},
  year = {1929}
}
@article{Penzias1965,
  author = {Penzias, Arno A. and Wilson, Robert W.},
  title = {A Measurement of Excess Antenna Temperature at 4080 Mc/s},
  journal = {Astrophysical Journal},
  volume = {142},
  pages = {419--421},
  year = {1965}
}
@article{Perlmutter1999,
  author = {Perlmutter, Saul and others},
  title = {Measurements of Omega and Lambda from 42 High-Redshift Supernovae},
  journal = {Astrophysical Journal},
  volume = {517},
  number = {2},
  pages = {565--586},
  year = {1999}
}
@article{Riess1998,
  author = {Riess, Adam G. and others},
  title = {Observational Evidence from Supernovae for an Accelerating Universe and a Cosmological Constant},
  journal = {Astronomical Journal},
  volume = {116},
  number = {3},
  pages = {1009--1038},
  year = {1998}
}
@book{Dodelson2003,
  author = {Dodelson, Scott},
  title = {Modern Cosmology},
  publisher = {Academic Press},
  year = {2003}
}
@article{Weinberg1989,
  author = {Weinberg, Steven},
  title = {The Cosmological Constant Problem},
  journal = {Reviews of Modern Physics},
  volume = {61},
  number = {1},
  pages = {1--23},
  year = {1989}
}
@article{Ellis1984,
  author = {Ellis, George F. R.},
  title = {Relativistic Cosmology: Its Nature, Aims and Problems},
  journal = {General Relativity and Gravitation},
  volume = {16},
  number = {1},
  pages = {37--57},
  year = {1984}
}
@article{Clarkson2007,
  author = {Clarkson, Chris and Bassett, Bruce and Lu, Tzu-Ching},
  title = {A General Test of the Copernican Principle},
  journal = {Physical Review Letters},
  volume = {101},
  number = {1},
  pages = {011301},
  year = {2007}
}
@article{Buchert2008,
  author = {Buchert, Thomas},
  title = {Dark Energy from Structure: A Status Report},
  journal = {General Relativity and Gravitation},
  volume = {40},
  number = {2-3},
  pages = {467--527},
  year = {2008}
}
@article{Wiltshire2007,
  author = {Wiltshire, David L.},
  title = {Cosmic Clocks, Cosmic Time and the Timescape Cosmology},
  journal = {New Journal of Physics},
  volume = {9},
  number = {10},
  pages = {377},
  year = {2007}
}
@article{Kolb2006,
  author = {Kolb, Edward W. and Matarrese, Sabino and Notari, Alessio and Riotto, Antonio},
  title = {The Effect of Inhomogeneities on the Expansion Rate of the Universe},
  journal = {Physical Review D},
  volume = {74},
  number = {2},
  pages = {023507},
  year = {2006}
}
@article{Gibbs1876,
  author = {Gibbs, Josiah Willard},
  title = {On the Equilibrium of Heterogeneous Substances},
  journal = {Transactions of the Connecticut Academy of Arts and Sciences},
  volume = {3},
  pages = {108--248},
  year = {1876}
}
@article{Maturana1970,
  author = {Maturana, Humberto R. and Varela, Francisco J.},
  title = {Autopoiesis: The Organization of Living Systems},
  journal = {Biosystems},
  volume = {5},
  number = {4},
  pages = {187--196},
  year = {1970}
}
@article{Lotka1922,
  author = {Lotka, Alfred J.},
  title = {Contribution to the Energetics of Evolution},
  journal = {Proceedings of the National Academy of Sciences},
  volume = {8},
  number = {6},
  pages = {147--151},
  year = {1922}
}
@article{Volterra1926,
  author = {Volterra, Vito},
  title = {Fluctuations in the Abundance of a Species considered Mathematically},
  journal = {Nature},
  volume = {118},
  number = {2972},
  pages = {558--560},
  year = {1926}
}
@book{Edelman1987,
  author = {Edelman, Gerald M.},
  title = {Neural Darwinism: The Theory of Neuronal Group Selection},
  publisher = {Basic Books},
  year = {1987}
}
@article{Friston2010,
  author = {Friston, Karl},
  title = {The Free-Energy Principle: A Unified Brain Theory?},
  journal = {Nature Reviews Neuroscience},
  volume = {11},
  number = {2},
  pages = {127--138},
  year = {2010}
}
@book{Sperber1996,
  author = {Sperber, Dan},
  title = {Explaining Culture: A Naturalistic Approach},
  publisher = {Blackwell},
  year = {1996}
}
@book{Boyd1985,
  author = {Boyd, Robert and Richerson, Peter J.},
  title = {Culture and the Evolutionary Process},
  publisher = {University of Chicago Press},
  year = {1985}
}
@article{Chomsky1959,
  author = {Chomsky, Noam},
  title = {On Certain Formal Properties of Grammars},
  journal = {Information and Control},
  volume = {2},
  number = {2},
  pages = {137--167},
  year = {1959}
}
@book{Tomasello1999,
  author = {Tomasello, Michael},
  title = {The Cultural Origins of Human Cognition},
  publisher = {Harvard University Press},
  year = {1999}
}
@article{Skinner1950,
  author = {Skinner, B. F.},
  title = {Are Theories of Learning Necessary?},
  journal = {Psychological Review},
  volume = {57},
  number = {4},
  pages = {193--216},
  year = {1950}
}
@article{McCulloch1943,
  author = {McCulloch, Warren S. and Pitts, Walter},
  title = {A Logical Calculus of the Ideas Immanent in Nervous Activity},
  journal = {Bulletin of Mathematical Biophysics},
  volume = {5},
  number = {4},
  pages = {115--133},
  year = {1943}
}
@article{Turing1936,
  author = {Turing, Alan M.},
  title = {On Computable Numbers, with an Application to the Entscheidungsproblem},
  journal = {Proceedings of the London Mathematical Society},
  volume = {42},
  number = {1},
  pages = {230--265},
  year = {1936}
}
@book{vonNeumann1958,
  author = {von Neumann, John},
  title = {The Computer and the Brain},
  publisher = {Yale University Press},
  year = {1958}
}
@article{Putnam1960,
  author = {Putnam, Hilary},
  title = {Minds and Machines},
  journal = {Dimensions of Mind},
  pages = {148--179},
  year = {1960}
}
@book{Fodor1975,
  author = {Fodor, Jerry A.},
  title = {The Language of Thought},
  publisher = {Harvard University Press},
  year = {1975}
}
@article{Searle1980,
  author = {Searle, John R.},
  title = {Minds, Brains, and Programs},
  journal = {Behavioral and Brain Sciences},
  volume = {3},
  number = {3},
  pages = {417--424},
  year = {1980}
}
@book{Popper1972,
  author = {Popper, Karl R.},
  title = {Objective Knowledge: An Evolutionary Approach},
  publisher = {Oxford University Press},
  year = {1972}
}
@book{Kuhn1962,
  author = {Kuhn, Thomas S.},
  title = {The Structure of Scientific Revolutions},
  publisher = {University of Chicago Press},
  year = {1962}
}
@article{Lakatos1970,
  author = {Lakatos, Imre},
  title = {Falsification and the Methodology of Scientific Research Programmes},
  journal = {Criticism and the Growth of Knowledge},
  pages = {91--196},
  year = {1970}
}
@book{Feynman1965,
  author = {Feynman, Richard P.},
  title = {The Character of Physical Law},
  publisher = {MIT Press},
  year = {1965}
}
@article{Deutsch1985,
  author = {Deutsch, David},
  title = {Quantum Theory, the Church-Turing Principle and the Universal Quantum Computer},
  journal = {Proceedings of the Royal Society of London A},
  volume = {400},
  number = {1818},
  pages = {97--117},
  year = {1985}
}
@book{Gleick1987,
  author = {Gleick, James},
  title = {Chaos: Making a New Science},
  publisher = {Viking Books},
  year = {1987}
}
@article{Wolfram1984,
  author = {Wolfram, Stephen},
  title = {Universality and Complexity in Cellular Automata},
  journal = {Physica D},
  volume = {10},
  number = {1-2},
  pages = {1--35},
  year = {1984}
}
@book{Lewontin2000,
  author = {Lewontin, Richard C.},
  title = {The Triple Helix: Gene, Organism, and Environment},
  publisher = {Harvard University Press},
  year = {2000}
}
@article{Gould1979,
  author = {Gould, Stephen Jay and Lewontin, Richard C.},
  title = {The Spandrels of San Marco and the Panglossian Paradigm},
  journal = {Proceedings of the Royal Society B},
  volume = {205},
  number = {1161},
  pages = {581--598},
  year = {1979}
}
@book{Dennett1995,
  author = {Dennett, Daniel C.},
  title = {Darwin's Dangerous Idea},
  publisher = {Simon \& Schuster},
  year = {1995}
}
@book{Nicolis1989,
  author = {Nicolis, Grégoire and Prigogine, Ilya},
  title = {Exploring Complexity: An Introduction},
  publisher = {W. H. Freeman},
  year = {1989}
}
@article{Bak1987,
  author = {Bak, Per and Tang, Chao and Wiesenfeld, Kurt},
  title = {Self-Organized Criticality: An Explanation of 1/f Noise},
  journal = {Physical Review Letters},
  volume = {59},
  number = {4},
  pages = {381--384},
  year = {1987}
}
@book{Mitchell2009,
  author = {Mitchell, Melanie},
  title = {Complexity: A Guided Tour},
  publisher = {Oxford University Press},
  year = {2009}
}
@article{Crutchfield1994,
  author = {Crutchfield, James P.},
  title = {The Calculi of Emergence: Computation, Dynamics, and Induction},
  journal = {Physica D},
  volume = {75},
  number = {1-3},
  pages = {11--54},
  year = {1994}
}
@article{Shalizi2001,
  author = {Shalizi, Cosma Rohilla and Crutchfield, James P.},
  title = {Computational Mechanics: Pattern and Prediction, Structure and Simplicity},
  journal = {Journal of Statistical Physics},
  volume = {104},
  number = {3-4},
  pages = {817--879},
  year = {2001}
}
@book{Barbour1999,
  author = {Barbour, Julian},
  title = {The End of Time: The Next Revolution in Physics},
  publisher = {Oxford University Press},
  year = {1999}
}
@article{Smolin2006,
  author = {Smolin, Lee},
  title = {The Case for Background Independence},
  journal = {The Structural Foundations of Quantum Gravity},
  pages = {196--239},
  year = {2006}
}
@book{Rovelli2004,
  author = {Rovelli, Carlo},
  title = {Quantum Gravity},
  publisher = {Cambridge University Press},
  year = {2004}
}
@article{Ashtekar2006,
  author = {Ashtekar, Abhay},
  title = {An Introduction to Loop Quantum Gravity Through Cosmology},
  journal = {New Journal of Physics},
  volume = {8},
  pages = {198},
  year = {2006}
}
@article{Bojowald2001,
  author = {Bojowald, Martin},
  title = {Absence of Singularity in Loop Quantum Cosmology},
  journal = {Physical Review Letters},
  volume = {86},
  number = {23},
  pages = {5227--5230},
  year = {2001}
}
@book{Carroll2004,
  author = {Carroll, Sean M.},
  title = {Spacetime and Geometry: An Introduction to General Relativity},
  publisher = {Addison Wesley},
  year = {2004}
}
@article{Tegmark2008,
  author = {Tegmark, Max},
  title = {The Mathematical Universe},
  journal = {Foundations of Physics},
  volume = {38},
  number = {2},
  pages = {101--150},
  year = {2008}
}
@book{Deutsch1997,
  author = {Deutsch, David},
  title = {The Fabric of Reality},
  publisher = {Penguin Books},
  year = {1997}
}
@article{Vilenkin1983,
  author = {Vilenkin, Alexander},
  title = {Birth of Inflationary Universes},
  journal = {Physical Review D},
  volume = {27},
  number = {12},
  pages = {2848--2855},
  year = {1983}
}
@article{Guth1981,
  author = {Guth, Alan H.},
  title = {Inflationary Universe: A Possible Solution to the Horizon and Flatness Problems},
  journal = {Physical Review D},
  volume = {23},
  number = {2},
  pages = {347--356},
  year = {1981}
}
@article{Linde1982,
  author = {Linde, Andrei},
  title = {A New Inflationary Universe Scenario: A Possible Solution of the Horizon, Flatness, Homogeneity, Isotropy and Primordial Monopole Problems},
  journal = {Physics Letters B},
  volume = {108},
  number = {6},
  pages = {389--393},
  year = {1982}
}
@book{Barrow1986,
  author = {Barrow, John D. and Tipler, Frank J.},
  title = {The Anthropic Cosmological Principle},
  publisher = {Oxford University Press},
  year = {1986}
}
@article{Susskind2003,
  author = {Susskind, Leonard},
  title = {The Anthropic Landscape of String Theory},
  journal = {arXiv preprint hep-th/0302219},
  year = {2003}
}
@article{Bousso2000,
  author = {Bousso, Raphael and Polchinski, Joseph},
  title = {Quantization of Four-form Fluxes and Dynamical Neutralization of the Cosmological Constant},
  journal = {Journal of High Energy Physics},
  volume = {2000},
  number = {6},
  pages = {006},
  year = {2000}
}
@article{Kolmogorov1965,
  author = {Kolmogorov, Andrey N.},
  title = {Three Approaches to the Quantitative Definition of Information},
  journal = {Problems of Information Transmission},
  volume = {1},
  number = {1},
  pages = {1--7},
  year = {1965}
}
@article{Chaitin1966,
  author = {Chaitin, Gregory J.},
  title = {On the Length of Programs for Computing Finite Binary Sequences},
  journal = {Journal of the ACM},
  volume = {13},
  number = {4},
  pages = {547--569},
  year = {1966}
}
@article{Zurek1989,
  author = {Zurek, Wojciech H.},
  title = {Thermodynamic Cost of Computation, Algorithmic Complexity and the Information Metric},
  journal = {Nature},
  volume = {341},
  number = {6243},
  pages = {119--124},
  year = {1989}
}
@article{Bennett1982,
  author = {Bennett, Charles H.},
  title = {The Thermodynamics of Computation—A Review},
  journal = {International Journal of Theoretical Physics},
  volume = {21},
  number = {12},
  pages = {905--940},
  year = {1982}
}
@article{Landauer1991,
  author = {Landauer, Rolf},
  title = {Information is Physical},
  journal = {Physics Today},
  volume = {44},
  number = {5},
  pages = {23--29},
  year = {1991}
}
@article{Lloyd2000,
  author = {Lloyd, Seth},
  title = {Ultimate Physical Limits to Computation},
  journal = {Nature},
  volume = {406},
  number = {6799},
  pages = {1047--1054},
  year = {2000}
}
@book{Dennett1991,
  author = {Dennett, Daniel C.},
  title = {Consciousness Explained},
  publisher = {Little, Brown and Company},
  year = {1991}
}
@book{Baars1988,
  author = {Baars, Bernard J.},
  title = {A Cognitive Theory of Consciousness},
  publisher = {Cambridge University Press},
  year = {1988}
}
@article{Dehaene2011,
  author = {Dehaene, Stanislas and Changeux, Jean-Pierre},
  title = {Experimental and Theoretical Approaches to Conscious Processing},
  journal = {Neuron},
  volume = {70},
  number = {2},
  pages = {200--227},
  year = {2011}
}
@book{Varela1991,
  author = {Varela, Francisco J. and Thompson, Evan and Rosch, Eleanor},
  title = {The Embodied Mind: Cognitive Science and Human Experience},
  publisher = {MIT Press},
  year = {1991}
}
@book{Clark1997,
  author = {Clark, Andy},
  title = {Being There: Putting Brain, Body, and World Together Again},
  publisher = {MIT Press},
  year = {1997}
}
@book{Noe2004,
  author = {Noë, Alva},
  title = {Action in Perception},
  publisher = {MIT Press},
  year = {2004}
}
@book{Goldstein1980,
  author = {Goldstein, E. Bruce},
  title = {Sensation and Perception},
  publisher = {Wadsworth Publishing},
  year = {1980}
}
@book{Koch2004,
  author = {Koch, Christof},
  title = {The Quest for Consciousness: A Neurobiological Approach},
  publisher = {Roberts and Company},
  year = {2004}
}
@article{Tononi2016,
  author = {Tononi, Giulio and Boly, Melanie and Massimini, Marcello and Koch, Christof},
  title = {Integrated Information Theory: From Consciousness to Its Physical Substrate},
  journal = {Nature Reviews Neuroscience},
  volume = {17},
  number = {7},
  pages = {450--461},
  year = {2016}
}
@article{Barrett2011,
  author = {Barrett, Lisa Feldman},
  title = {Bridging Token Identity and Functionalism: A Resolution of the Mind-Body Problem},
  journal = {Psychological Review},
  volume = {118},
  number = {3},
  pages = {357--382},
  year = {2011}
}
@book{Churchland1986,
  author = {Churchland, Patricia S.},
  title = {Neurophilosophy: Toward a Unified Science of the Mind-Brain},
  publisher = {MIT Press},
  year = {1986}
}
@book{Popper1934,
  author = {Popper, Karl R.},
  title = {The Logic of Scientific Discovery},
  publisher = {Hutchinson},
  year = {1959},
  note = {Originally published 1934}
}
@book{Hempel1965,
  author = {Hempel, Carl G.},
  title = {Aspects of Scientific Explanation},
  publisher = {Free Press},
  year = {1965}
}
@article{Quine1951,
  author = {Quine, Willard Van Orman},
  title = {Two Dogmas of Empiricism},
  journal = {Philosophical Review},
  volume = {60},
  number = {1},
  pages = {20--43},
  year = {1951}
}
@book{Laudan1984,
  author = {Laudan, Larry},
  title = {Science and Values},
  publisher = {University of California Press},
  year = {1984}
}
@book{VanFraassen1980,
  author = {van Fraassen, Bas C.},
  title = {The Scientific Image},
  publisher = {Oxford University Press},
  year = {1980}
}
@book{Cartwright1983,
  author = {Cartwright, Nancy},
  title = {How the Laws of Physics Lie},
  publisher = {Oxford University Press},
  year = {1983}
}
@book{Giere1988,
  author = {Giere, Ronald N.},
  title = {Explaining Science: A Cognitive Approach},
  publisher = {University of Chicago Press},
  year = {1988}
}
@book{Kitcher1993,
  author = {Kitcher, Philip},
  title = {The Advancement of Science},
  publisher = {Oxford University Press},
  year = {1993}
}
@book{Longino1990,
  author = {Longino, Helen E.},
  title = {Science as Social Knowledge},
  publisher = {Princeton University Press},
  year = {1990}
}
@book{Salmon1984,
  author = {Salmon, Wesley C.},
  title = {Scientific Explanation and the Causal Structure of the World},
  publisher = {Princeton University Press},
  year = {1984}
}
@book{Woodward2003,
  author = {Woodward, James},
  title = {Making Things Happen: A Theory of Causal Explanation},
  publisher = {Oxford University Press},
  year = {2003}
}
@book{Pearl2000,
  author = {Pearl, Judea},
  title = {Causality: Models, Reasoning, and Inference},
  publisher = {Cambridge University Press},
  year = {2000}
}
@book{Spirtes1993,
  author = {Spirtes, Peter and Glymour, Clark and Scheines, Richard},
  title = {Causation, Prediction, and Search},
  publisher = {Springer},
  year = {1993}
}
@article{Holland1986,
  author = {Holland, Paul W.},
  title = {Statistics and Causal Inference},
  journal = {Journal of the American Statistical Association},
  volume = {81},
  number = {396},
  pages = {945--960},
  year = {1986}
}
@article{Rubin1974,
  author = {Rubin, Donald B.},
  title = {Estimating Causal Effects of Treatments in Randomized and Nonrandomized Studies},
  journal = {Journal of Educational Psychology},
  volume = {66},
  number = {5},
  pages = {688--701},
  year = {1974}
}
@book{Ashby1956,
  author = {Ashby, W. Ross},
  title = {An Introduction to Cybernetics},
  publisher = {Chapman \& Hall},
  year = {1956}
}
@book{Wiener1948,
  author = {Wiener, Norbert},
  title = {Cybernetics: Or Control and Communication in the Animal and the Machine},
  publisher = {MIT Press},
  year = {1948}
}
@book{Bateson1972,
  author = {Bateson, Gregory},
  title = {Steps to an Ecology of Mind},
  publisher = {Chandler Publishing},
  year = {1972}
}
@book{Minsky1986,
  author = {Minsky, Marvin},
  title = {The Society of Mind},
  publisher = {Simon \& Schuster},
  year = {1986}
}
@book{Rumelhart1986,
  author = {Rumelhart, David E. and McClelland, James L.},
  title = {Parallel Distributed Processing: Explorations in the Microstructure of Cognition},
  publisher = {MIT Press},
  year = {1986}
}
@article{Hinton2006,
  author = {Hinton, Geoffrey E. and Osindero, Simon and Teh, Yee-Whye},
  title = {A Fast Learning Algorithm for Deep Belief Nets},
  journal = {Neural Computation},
  volume = {18},
  number = {7},
  pages = {1527--1554},
  year = {2006}
}
@article{LeCun2015,
  author = {LeCun, Yann and Bengio, Yoshua and Hinton, Geoffrey},
  title = {Deep Learning},
  journal = {Nature},
  volume = {521},
  number = {7553},
  pages = {436--444},
  year = {2015}
}
@article{Bengio2009,
  author = {Bengio, Yoshua},
  title = {Learning Deep Architectures for AI},
  journal = {Foundations and Trends in Machine Learning},
  volume = {2},
  number = {1},
  pages = {1--127},
  year = {2009}
}
@article{Schmidhuber2015,
  author = {Schmidh