@misc{sanders2025ai,
  author       = {Sanders, Bernie},
  title        = {AI Could Wipe Out the Working Class},
  year         = {2025},
  note         = {Senate address, October 7 2025. Transcript accessed via YouTube and press release.}
}

@article{mcgill2023irobot,
  author       = {{McGill Law Journal}},
  title        = {I Robot: U Tax? Considering the Tax Policy Implications of Automation},
  journal      = {McGill Law Journal},
  year         = {2023},
  url          = {https://lawjournal.mcgill.ca/article/i-robot-u-tax-considering-the-tax-policy-implications-of-automation/}
}

@report{castro2023robot,
  author       = {Castro, Daniel and Stevens, Morgan},
  title        = {Taxing Robots Would Hurt, Not Help, American Workers},
  institution  = {Center for Data Innovation},
  year         = {2023},
  url          = {https://datainnovation.org/2023/06/taxing-robots-would-hurt-not-help-american-workers/}
}

@book{sandel2020tyranny,
  author       = {Sandel, Michael J.},
  title        = {The Tyranny of Merit: What's Become of the Common Good?},
  publisher    = {Farrar, Straus and Giroux},
  year         = {2020},
  address      = {New York}
}

@book{olson1965collective,
  author       = {Olson, Mancur},
  title        = {The Logic of Collective Action: Public Goods and the Theory of Groups},
  publisher    = {Harvard University Press},
  year         = {1965}
}

@article{giddens1984constitution,
  author       = {Giddens, Anthony},
  title        = {The Constitution of Society: Outline of the Theory of Structuration},
  journal      = {University of California Press},
  year         = {1984}
}

@article{amasino2021fairshares,
  author       = {Amasino, Dianna R. and Pace, Davide D. and van der Weele, JoÃ«l J.},
  title        = {Fair Shares and Selective Attention},
  journal      = {Tinbergen Institute Discussion Paper 21-066/VIII},
  year         = {2021},
  url          = {https://papers.tinbergen.nl/21066.pdf}
}

@article{yampolskiy2012efficiency,
  author       = {Yampolskiy, Roman V.},
  title        = {Efficiency Theory: A Unifying Theory for Information, Computation, and Intelligence},
  journal      = {arXiv preprint arXiv:1112.2127},
  year         = {2012}
}

@article{kong2016infoelicitation,
  author       = {Kong, Yuqing and Schoenebeck, Grant},
  title        = {An Information Theoretic Framework for Designing Information Elicitation Mechanisms that Reward Truth-telling},
  journal      = {arXiv preprint arXiv:1605.01021},
  year         = {2016}
}

@article{rosvall2008maps,
  author       = {Rosvall, Martin and Bergstrom, Carl T.},
  title        = {Maps of Random Walks on Complex Networks Reveal Community Structure},
  journal      = {Proceedings of the National Academy of Sciences},
  volume       = {105},
  number       = {4},
  pages        = {1118--1123},
  year         = {2008}
}

@article{halpern1990knowledge,
  author       = {Halpern, Joseph Y. and Moses, Yoram},
  title        = {Knowledge and Common Knowledge in a Distributed Environment},
  journal      = {Journal of the ACM},
  volume       = {37},
  number       = {3},
  pages        = {549--587},
  year         = {1990}
}

@book{shannon1949communication,
  author       = {Shannon, Claude E. and Weaver, Warren},
  title        = {The Mathematical Theory of Communication},
  publisher    = {University of Illinois Press},
  year         = {1949}
}

@book{jaynes1957information,
  author       = {Jaynes, E. T.},
  title        = {Information Theory and Statistical Mechanics},
  journal      = {Physical Review},
  volume       = {106},
  pages        = {620--630},
  year         = {1957}
}

@article{kolmogorov1965complexity,
  author       = {Kolmogorov, Andrey N.},
  title        = {Three Approaches to the Quantitative Definition of Information},
  journal      = {Problems of Information Transmission},
  volume       = {1},
  pages        = {1--7},
  year         = {1965}
}

@book{prigogine1984order,
  author       = {Prigogine, Ilya and Stengers, Isabelle},
  title        = {Order Out of Chaos: Man's New Dialogue with Nature},
  publisher    = {Bantam Books},
  year         = {1984}
}

@article{landauer1961irreversibility,
  author       = {Landauer, Rolf},
  title        = {Irreversibility and Heat Generation in the Computing Process},
  journal      = {IBM Journal of Research and Development},
  volume       = {5},
  number       = {3},
  pages        = {183--191},
  year         = {1961}
}

@book{verlinde2011origin,
  author       = {Verlinde, Erik},
  title        = {On the Origin of Gravity and the Laws of Newton},
  journal      = {Journal of High Energy Physics},
  volume       = {2011},
  number       = {4},
  pages        = {29},
  year         = {2011}
}

@book{strogatz2018sync,
  author       = {Strogatz, Steven},
  title        = {Sync: How Order Emerges from Chaos in the Universe, Nature, and Daily Life},
  publisher    = {Hachette},
  year         = {2018}
}

@book{kelly1994outofcontrol,
  author       = {Kelly, Kevin},
  title        = {Out of Control: The New Biology of Machines, Social Systems, and the Economic World},
  publisher    = {Addison-Wesley},
  year         = {1994}
}

@article{march1991exploration,
  author       = {March, James G.},
  title        = {Exploration and Exploitation in Organizational Learning},
  journal      = {Organization Science},
  volume       = {2},
  number       = {1},
  pages        = {71--87},
  year         = {1991}
}

@article{floridi2015information,
  author       = {Floridi, Luciano},
  title        = {The Ethics of Information Transparency},
  journal      = {Ethics and Information Technology},
  year         = {2015},
  volume       = {11},
  pages        = {105--112}
}

@article{ormondroyd2009information,
  author       = {Ormondroyd, Jamie},
  title        = {Information Pollution, a Mounting Threat: Internet a Major Causality},
  journal      = {Research Journal of Internat{\i}onal Studies},
  year         = {2009},
  volume       = {12},
  pages        = {54--59}
}

@misc{oecd2025future,
  author       = {{OECD}},
  title        = {Future of Work},
  year         = {2025},
  url          = {https://www.oecd.org/en/topics/policy-issues/future-of-work.html}
}

@misc{keynes1930economic,
  author       = {Keynes, John Maynard},
  title        = {Economic Possibilities for our Grandchildren},
  year         = {1930}
}

@article{leontief1983technological,
  author       = {Leontief, Wassily},
  title        = {Technological Advance, Economic Growth, and the Distribution of Income},
  journal      = {Population and Development Review},
  year         = {1983},
  volume       = {9},
  pages        = {403--410}
}

@book{rifkin1995end,
  author       = {Rifkin, Jeremy},
  title        = {The End of Work: The Decline of the Global Labor Force and the Dawn of the Post-Market Era},
  publisher    = {Putnam},
  year         = {1995}
}

@misc{doctorow2023enshittification,
  author       = {Doctorow, Cory},
  title        = {Factually! with Adam Conover: The Internet is Getting Worse with Cory Doctorow},
  year         = {2023},
  note         = {Podcast episode. Transcript provided.}
}
